,trade_id,ticker,count,created_time,yes_price,no_price,taker_side
0,e3333df6-d21c-41b7-9f77-6cbd227f52a9,CPICORE-22JUN-T0.1,19,2022-07-06T14:01:51.979243Z,95,5,no
1,0e313cf3-32e4-4cf6-881f-623f2e401cce,CPICORE-22JUN-T0.1,1,2022-07-06T14:01:51.979243Z,98,2,no
2,faf9362f-33e3-44b8-8132-9d1bd3da4e08,CPICORE-22JUN-T0.2,1,2022-07-13T03:42:59.971984Z,95,5,no
3,f32ad40c-a2b9-49f5-aa21-77d03880c5e9,CPICORE-22JUN-T0.2,99,2022-07-13T03:42:59.971984Z,94,6,no
4,e08345bc-37f1-4a1b-9814-e4720e1f53c5,CPICORE-22JUN-T0.2,9,2022-07-13T03:42:59.971984Z,94,6,no
5,9e3bec49-8d94-449c-b15b-771b5ab83768,CPICORE-22JUN-T0.2,1,2022-07-13T03:42:59.971984Z,97,3,no
6,972eeeae-3817-433b-aa9a-b33598598879,CPICORE-22JUN-T0.2,1,2022-07-13T03:42:59.971984Z,96,4,no
7,794f15ef-9b33-47cc-b013-31f95118074b,CPICORE-22JUN-T0.2,4,2022-07-13T02:45:51.35921Z,98,2,yes
8,1495068a-b754-4940-af5a-d2fa575a0b5c,CPICORE-22JUN-T0.2,3,2022-07-13T02:42:53.280641Z,98,2,yes
9,b283d1f7-9a6d-42c6-94d0-ed2998a97ba3,CPICORE-22JUN-T0.2,2,2022-07-13T02:38:58.480365Z,98,2,yes
10,67fcbaea-6ff3-4920-990f-6f6148c6c22e,CPICORE-22JUN-T0.2,100,2022-07-13T02:03:14.155436Z,97,3,yes
11,bfa5360b-00be-461f-87d7-eba30c52a3b9,CPICORE-22JUN-T0.2,4,2022-07-13T02:01:42.213253Z,97,3,yes
12,c7db2f45-9111-4717-b627-a6a0d2f6b97e,CPICORE-22JUN-T0.2,4,2022-07-13T02:00:44.429251Z,97,3,yes
13,5281db78-2922-480e-8497-c9b4b04fdda4,CPICORE-22JUN-T0.2,3,2022-07-13T01:05:37.360435Z,97,3,yes
14,738e245d-d850-4655-bf5c-7f7e72e69304,CPICORE-22JUN-T0.2,5,2022-07-13T00:49:27.092015Z,94,6,no
15,11ab7c31-a32e-47e5-adad-38669d8751c8,CPICORE-22JUN-T0.2,4,2022-07-13T00:49:27.092015Z,94,6,no
16,0db0b4d4-8756-4b4e-a5bf-1a414283ea34,CPICORE-22JUN-T0.2,1,2022-07-13T00:49:27.092015Z,94,6,no
17,80d63708-a6d8-41fb-8ba2-86184bd7691d,CPICORE-22JUN-T0.2,33,2022-07-12T21:57:20.903806Z,96,4,yes
18,5c2e3702-e98c-40fa-bd7f-2ef5169e6b4a,CPICORE-22JUN-T0.2,78,2022-07-12T21:57:20.903806Z,96,4,yes
19,1ba9ba7a-93f7-4e02-b059-b4f9187b3904,CPICORE-22JUN-T0.2,343,2022-07-12T21:57:20.903806Z,97,3,yes
20,dbd345e8-7eea-401d-9edb-c4e123c7c121,CPICORE-22JUN-T0.2,175,2022-07-12T21:53:11.344402Z,96,4,yes
21,79677b8c-a4a5-4c68-878a-0221c498f123,CPICORE-22JUN-T0.2,25,2022-07-12T20:11:28.040076Z,96,4,yes
22,e6522806-1373-4695-ad54-bffb3637f763,CPICORE-22JUN-T0.2,2,2022-07-12T18:17:08.4384Z,96,4,yes
23,aa170e7f-40ed-42d1-a7ca-901d8b98def2,CPICORE-22JUN-T0.2,10,2022-07-11T20:35:19.683919Z,91,9,no
24,27df5a16-0ce4-4e77-8ecc-3285f2402528,CPICORE-22JUN-T0.2,64,2022-07-11T18:39:46.341662Z,94,6,yes
25,d64b7047-50bc-4bdc-b811-0cec417a23e0,CPICORE-22JUN-T0.2,198,2022-07-11T18:29:11.165885Z,94,6,yes
26,efb6b649-10ff-4080-a7ad-fd1816d175c4,CPICORE-22JUN-T0.2,156,2022-07-11T18:28:49.768381Z,92,8,yes
27,31c1d214-35fc-4b44-8879-3ed345e6befe,CPICORE-22JUN-T0.2,175,2022-07-11T18:28:49.768381Z,93,7,yes
28,729b2f0b-554f-4ebf-8a15-fb6968b15ac2,CPICORE-22JUN-T0.2,5,2022-07-11T14:53:47.538639Z,91,9,yes
29,a9c6f588-2044-4336-8e67-dae059636002,CPICORE-22JUN-T0.2,100,2022-07-11T13:18:22.846902Z,91,9,yes
30,1fb75a7b-02ea-4efc-971c-6c626bd5dfad,CPICORE-22JUN-T0.2,5,2022-07-11T12:18:36.053709Z,91,9,yes
31,0021640e-3d1e-43fc-9894-bbdec8cc3f80,CPICORE-22JUN-T0.2,7,2022-07-10T21:21:17.629503Z,90,10,yes
32,7e450bdd-c537-4dd0-8b9d-d2f12906fb70,CPICORE-22JUN-T0.2,111,2022-07-05T01:45:58.293718Z,89,11,yes
33,fc2abe6f-3c14-45aa-8f40-901c7291b265,CPICORE-22JUN-T0.2,175,2022-07-03T23:50:11.233958Z,94,6,no
34,f84c5fde-79d6-4988-b855-398cc516d02b,CPICORE-22JUN-T0.2,56,2022-07-03T23:50:11.233958Z,94,6,no
35,5f40b506-0eb7-4f6d-83ba-8aaeefa3047c,CPICORE-22JUN-T0.2,37,2022-07-03T23:50:11.233958Z,95,5,no
36,5b191778-0df3-4ec5-8844-09867d472470,CPICORE-22JUN-T0.2,1,2022-07-03T23:50:11.233958Z,96,4,no
37,568219a9-bd22-4395-838f-359748b6c5b2,CPICORE-22JUN-T0.2,206,2022-07-03T23:50:11.233958Z,93,7,no
38,5bc55b76-65a2-47c8-8532-b7938642132e,CPICORE-22JUN-T0.2,60,2022-07-01T18:50:21.545304Z,98,2,yes
39,136a2ef1-1c8b-4472-bbd1-8594d64acb50,CPICORE-22JUN-T0.3,15,2022-07-13T12:17:17.763302Z,91,9,yes
40,8b1299d7-b490-488d-af7f-5de809ac81fd,CPICORE-22JUN-T0.3,3,2022-07-13T02:45:58.411255Z,91,9,yes
41,145b39e7-103b-44f8-a245-6d0083b30bbf,CPICORE-22JUN-T0.3,3,2022-07-13T02:42:57.570897Z,91,9,yes
42,fa3ded11-82da-478c-93bb-b1734b7b33bb,CPICORE-22JUN-T0.3,2,2022-07-13T02:40:24.679136Z,91,9,yes
43,072e0dcf-f467-49a0-af1f-645ed42c1856,CPICORE-22JUN-T0.3,25,2022-07-13T02:03:01.135632Z,91,9,yes
44,f7edd4a0-eff5-497a-a221-d230d17ce1ec,CPICORE-22JUN-T0.3,10,2022-07-13T01:32:59.099596Z,88,12,no
45,b5a0ee6d-cb4f-43a5-9ed5-e1e392f747b6,CPICORE-22JUN-T0.3,8,2022-07-13T01:32:59.099596Z,87,13,no
46,71019807-36e0-4470-b132-32c32624c46a,CPICORE-22JUN-T0.3,66,2022-07-13T01:32:59.099596Z,86,14,no
47,6cd3ed82-7d89-47fb-b549-926566b88082,CPICORE-22JUN-T0.3,32,2022-07-13T01:32:59.099596Z,87,13,no
48,bcda6ed7-286d-451c-a8b9-b5d2ffbe19bd,CPICORE-22JUN-T0.3,7,2022-07-13T00:50:09.518617Z,87,13,no
49,c8d37b56-c6ab-4172-8807-b1d3b66ef891,CPICORE-22JUN-T0.3,3,2022-07-13T00:49:45.430893Z,88,12,no
50,84180491-de2a-40ee-a629-85d3fdc8026c,CPICORE-22JUN-T0.3,116,2022-07-13T00:21:50.776898Z,90,10,yes
51,29235317-9178-441f-bf89-3803be4694ea,CPICORE-22JUN-T0.3,15,2022-07-12T22:29:59.594135Z,90,10,yes
52,4ea7f45a-4949-481e-9af6-a968b05a2596,CPICORE-22JUN-T0.3,7,2022-07-12T21:19:31.287245Z,88,12,no
53,c4709aa4-efef-4408-a398-564615c84a32,CPICORE-22JUN-T0.3,10,2022-07-12T20:11:35.362049Z,89,11,yes
54,9a4fe0fc-1f6c-4ee3-ada7-5053c2e3ec33,CPICORE-22JUN-T0.3,13,2022-07-12T18:00:41.631258Z,88,12,yes
55,20b0505b-fd6d-4765-9150-dfec1c7465e4,CPICORE-22JUN-T0.3,100,2022-07-12T16:50:17.279151Z,88,12,yes
56,97f71bd7-3214-4327-b5ae-34f0246733e6,CPICORE-22JUN-T0.3,20,2022-07-12T16:05:29.386331Z,87,13,yes
57,b515efb4-51f4-4133-9207-37fa9eb8ab02,CPICORE-22JUN-T0.3,5,2022-07-12T14:29:56.88038Z,87,13,yes
58,fb8b392f-cb86-40c7-9826-6c94336226cc,CPICORE-22JUN-T0.3,10,2022-07-11T20:35:02.896705Z,86,14,yes
59,ccf4f8b3-3ed7-4007-a234-4feb6fa15f61,CPICORE-22JUN-T0.3,97,2022-07-11T18:31:05.500745Z,85,15,yes
60,e4edf4d0-bc04-4172-a6bb-9ae8d9d5ee88,CPICORE-22JUN-T0.3,95,2022-07-11T18:28:38.154897Z,85,15,yes
61,b0b9587a-4f50-4893-a097-5aa20049c7f3,CPICORE-22JUN-T0.3,91,2022-07-11T18:28:38.154897Z,84,16,yes
62,292e860b-3b23-40d8-b056-3504f3ef79ec,CPICORE-22JUN-T0.3,36,2022-07-11T18:28:38.154897Z,83,17,yes
63,c0492541-1b81-4241-97e2-94b3cbb04e64,CPICORE-22JUN-T0.3,25,2022-07-11T18:26:01.274435Z,83,17,yes
64,921065fb-c6dc-421c-8fd8-bb87cd03a079,CPICORE-22JUN-T0.3,4,2022-07-11T14:53:42.419589Z,83,17,yes
65,87c0c8b0-9a67-4456-9f01-26261cc9ac5d,CPICORE-22JUN-T0.3,20,2022-07-11T03:21:39.71526Z,82,18,yes
66,bbed2ef5-6569-4c7e-bffe-3e6e6e533734,CPICORE-22JUN-T0.3,6,2022-07-11T00:44:55.993972Z,82,18,yes
67,f875eeea-cdf9-42d2-aca9-b108e649b61e,CPICORE-22JUN-T0.3,62,2022-07-10T21:07:01.787864Z,82,18,yes
68,e0ce1fd8-0eee-4daa-9f3f-5cc2afc10b4c,CPICORE-22JUN-T0.3,87,2022-07-10T21:07:01.787864Z,83,17,yes
69,a4694847-6778-42cf-a3eb-ca4b5def13bb,CPICORE-22JUN-T0.3,21,2022-07-10T21:07:01.787864Z,82,18,yes
70,0642b853-3063-4be7-89b8-e4f2a4c5a5fe,CPICORE-22JUN-T0.3,26,2022-07-10T21:07:01.787864Z,81,19,yes
71,646f7894-8000-4552-899a-09e4deda256d,CPICORE-22JUN-T0.3,175,2022-07-10T00:44:55.213281Z,79,21,yes
72,7a5e0c49-44b9-44b2-b451-770fd380c2c6,CPICORE-22JUN-T0.3,10,2022-07-05T17:41:14.36895Z,79,21,yes
73,db444e95-665a-4031-96bd-e804eeb2c46d,CPICORE-22JUN-T0.3,5,2022-07-05T12:57:25.771838Z,79,21,yes
74,d5eb42fe-fbec-4151-b516-6cb1d770e8f6,CPICORE-22JUN-T0.3,190,2022-07-05T01:48:45.694364Z,50,50,no
75,878eb07c-d77f-4162-9ed1-1032129e0e70,CPICORE-22JUN-T0.3,150,2022-07-05T01:48:45.694364Z,81,19,no
76,6f69c377-5837-4e55-acf4-8e75dfb1e16d,CPICORE-22JUN-T0.3,45,2022-07-05T01:48:45.694364Z,78,22,no
77,219a3b67-78f5-4f14-a718-8553fe0e4ddf,CPICORE-22JUN-T0.3,63,2022-07-05T01:48:45.694364Z,77,23,no
78,13e71abc-7e6a-456e-85f8-42c9608203d6,CPICORE-22JUN-T0.3,67,2022-07-05T01:48:45.694364Z,76,24,no
79,a7957451-32be-4368-9302-95bc322281bb,CPICORE-22JUN-T0.3,60,2022-07-04T23:14:30.828898Z,82,18,yes
80,c74f1886-d640-463f-8030-b544bd6c3d97,CPICORE-22JUN-T0.3,71,2022-07-03T23:52:07.61164Z,80,20,no
81,9efabd98-4545-490f-bd01-962761a49e56,CPICORE-22JUN-T0.3,72,2022-07-03T23:52:07.61164Z,78,22,no
82,7b0c892f-2ba3-432f-a44e-81c695f5dcf7,CPICORE-22JUN-T0.3,75,2022-07-03T23:52:07.61164Z,79,21,no
83,fe472d29-e04b-4386-b472-32c6a53c397d,CPICORE-22JUN-T0.3,80,2022-07-03T23:45:01.118724Z,81,19,no
84,5e7d59af-a164-4cdb-9750-c35afe56f2ab,CPICORE-22JUN-T0.3,86,2022-07-03T23:45:01.118724Z,82,18,no
85,44917895-0f7f-4990-b9c1-da6e5e0d824e,CPICORE-22JUN-T0.3,79,2022-07-03T23:45:01.118724Z,83,17,no
86,e5e1c28a-5a80-4935-8eae-8825715abacb,CPICORE-22JUN-T0.3,73,2022-07-03T23:43:08.996011Z,85,15,no
87,bba21c4a-a136-4c47-9793-9a286e72217e,CPICORE-22JUN-T0.3,26,2022-07-03T23:43:08.996011Z,85,15,no
88,6a0b0e4d-ab50-44ba-ba95-b1f7da8d5429,CPICORE-22JUN-T0.3,94,2022-07-03T23:43:08.996011Z,84,16,no
89,3630ca54-8236-4db0-817c-cfeb0c216437,CPICORE-22JUN-T0.3,109,2022-07-03T23:43:08.996011Z,86,14,no
90,d0976918-eece-47f3-9f8d-fa83f48c9504,CPICORE-22JUN-T0.3,69,2022-07-02T20:08:50.470909Z,87,13,no
91,2f45b0cb-c8c8-495a-9655-c34006e01168,CPICORE-22JUN-T0.3,5,2022-07-01T23:10:54.751361Z,87,13,no
92,1d55c244-861b-4eb3-921b-042ffeeecd9b,CPICORE-22JUN-T0.4,23,2022-07-13T12:13:43.351731Z,78,22,yes
93,0968aa85-15ab-4bcf-aff9-c27f8bbea4cd,CPICORE-22JUN-T0.4,16,2022-07-13T12:13:43.351731Z,78,22,yes
94,fda00858-9b18-4e27-a12a-c7d2ff7f0936,CPICORE-22JUN-T0.4,43,2022-07-13T03:18:35.30313Z,78,22,yes
95,93577ab1-ddbf-46fc-aeac-3f3139f4051c,CPICORE-22JUN-T0.4,73,2022-07-13T03:18:35.30313Z,79,21,yes
96,144c3729-489f-42d1-9f23-8cbebd45578c,CPICORE-22JUN-T0.4,34,2022-07-13T03:18:35.30313Z,78,22,yes
97,f5888dfd-2291-4d9a-b937-55f714f51ed8,CPICORE-22JUN-T0.4,51,2022-07-13T01:56:52.042883Z,77,23,yes
98,0a07ef4c-c531-47e5-8736-6e68f0871a7f,CPICORE-22JUN-T0.4,1,2022-07-13T01:56:52.042883Z,77,23,yes
99,06637590-eeaa-41fc-a6d7-8437ed2eb469,CPICORE-22JUN-T0.4,28,2022-07-13T01:56:52.042883Z,78,22,yes
100,98283605-0f63-4a00-a1b6-a74466451e6f,CPICORE-22JUN-T0.4,4,2022-07-13T01:46:46.425607Z,74,26,no
101,830fd663-4c41-4374-bc44-59916abc8aac,CPICORE-22JUN-T0.4,7,2022-07-13T01:46:46.425607Z,74,26,no
102,649de826-70cd-4b5d-9548-1925f4655998,CPICORE-22JUN-T0.4,9,2022-07-13T01:46:46.425607Z,72,28,no
103,27c45987-06a5-43e3-bb12-f5c55bec7f07,CPICORE-22JUN-T0.4,10,2022-07-13T01:46:46.425607Z,72,28,no
104,f73ea635-32c6-4364-9dbe-0ee184b3ebbc,CPICORE-22JUN-T0.4,50,2022-07-12T22:27:10.363915Z,76,24,yes
105,8d0746db-2a7e-4049-b09f-138b93a4d945,CPICORE-22JUN-T0.4,8,2022-07-12T22:26:30.693461Z,75,25,yes
106,d7e8444a-b732-482e-a1aa-328791603e0c,CPICORE-22JUN-T0.4,18,2022-07-12T20:34:20.590054Z,77,23,yes
107,49a0abda-72aa-4cf0-a1ea-bc446df365f1,CPICORE-22JUN-T0.4,73,2022-07-12T20:34:20.590054Z,76,24,yes
108,3a53d643-802e-4b81-bc4e-8ea0e3a6a615,CPICORE-22JUN-T0.4,9,2022-07-12T20:34:20.590054Z,75,25,yes
109,e1cac157-4347-4926-8526-f7adbc61c0b3,CPICORE-22JUN-T0.4,66,2022-07-12T19:59:49.882956Z,75,25,yes
110,c24d9e0b-124e-4f00-8eb1-8ce39cc1442f,CPICORE-22JUN-T0.4,68,2022-07-12T19:59:49.882956Z,76,24,yes
111,25d92556-c3b4-437a-9687-500ae9413768,CPICORE-22JUN-T0.4,15,2022-07-12T19:59:49.882956Z,97,3,yes
112,252d38d8-185d-4958-96c6-ba77118ff96f,CPICORE-22JUN-T0.4,1,2022-07-12T19:59:49.882956Z,74,26,yes
113,a33ae9dc-fe67-45e1-9bcd-04390e599f82,CPICORE-22JUN-T0.4,10,2022-07-12T16:05:55.824284Z,69,31,no
114,1cc7d263-aae4-47f1-a5ff-fd6c5f6dcec0,CPICORE-22JUN-T0.4,40,2022-07-12T03:29:44.877135Z,73,27,yes
115,2b60ff5b-e00c-4a2f-a201-14e128a16382,CPICORE-22JUN-T0.4,62,2022-07-12T03:28:46.433284Z,72,28,yes
116,d4498d93-c4a3-4619-81fe-7f1de3ed5063,CPICORE-22JUN-T0.4,36,2022-07-11T12:18:10.701691Z,68,32,yes
117,a45e6457-4bd9-4958-b0a9-211e9bbdc2a9,CPICORE-22JUN-T0.4,16,2022-07-11T12:18:10.701691Z,70,30,yes
118,88fcee21-c7c4-4f6f-ac21-483dbdef1817,CPICORE-22JUN-T0.4,59,2022-07-11T12:18:10.701691Z,69,31,yes
119,eeb26df6-51dc-4c37-adbd-9679fa8a5d46,CPICORE-22JUN-T0.4,48,2022-07-10T21:01:27.634837Z,67,33,yes
120,d4c6e5db-fcec-4fc0-b01c-6120bb56999a,CPICORE-22JUN-T0.4,56,2022-07-10T14:27:45.937123Z,66,34,yes
121,27f8cfa5-1bdd-463d-83b5-db8a75c15aec,CPICORE-22JUN-T0.4,57,2022-07-10T14:27:45.937123Z,67,33,yes
122,1d46f271-c3d1-43fb-9ded-5bd04826eb0f,CPICORE-22JUN-T0.4,57,2022-07-10T14:27:45.937123Z,68,32,yes
123,e38f7487-b921-4d2d-a15f-c7c91e882b7f,CPICORE-22JUN-T0.4,43,2022-07-10T00:45:14.926559Z,65,35,yes
124,f9920f27-b343-4b35-815a-728f604b627d,CPICORE-22JUN-T0.4,10,2022-07-09T13:57:10.922401Z,65,35,yes
125,98af2331-3e93-48de-a750-fa53f1aa3ab8,CPICORE-22JUN-T0.4,59,2022-07-09T12:49:47.332235Z,64,36,yes
126,63a188b4-179a-445c-a0a5-c7f97a482897,CPICORE-22JUN-T0.4,5,2022-07-09T12:49:47.332235Z,63,37,yes
127,56cb6337-49a1-4528-82d0-dbe36d4896da,CPICORE-22JUN-T0.4,52,2022-07-09T12:49:47.332235Z,63,37,yes
128,2e82edd0-aba5-470a-ba88-46e5b71b0ee3,CPICORE-22JUN-T0.4,12,2022-07-09T12:49:47.332235Z,62,38,yes
129,dc8a824f-9692-41c6-b2a9-bfd37ecc9210,CPICORE-22JUN-T0.4,56,2022-07-08T18:24:53.738478Z,58,42,no
130,2be9a0a0-8355-44de-82ad-a5e1332f4887,CPICORE-22JUN-T0.4,2,2022-07-08T18:24:53.738478Z,57,43,no
131,a46ed8da-1cc2-4dca-88cb-1169b3987f4d,CPICORE-22JUN-T0.4,56,2022-07-08T17:37:45.436923Z,60,40,no
132,7f00843d-3168-4a5d-9e38-a480e7dfae21,CPICORE-22JUN-T0.4,52,2022-07-08T17:37:45.436923Z,59,41,no
133,3bbdd07d-c4a2-4426-8ede-977e3159a9cc,CPICORE-22JUN-T0.4,10,2022-07-08T17:37:45.436923Z,61,39,no
134,25b47e8a-90b5-4298-9251-24d570b2d6d5,CPICORE-22JUN-T0.4,5,2022-07-07T18:57:49.918639Z,66,34,yes
135,96cee6df-c4b7-4908-989e-e624770be715,CPICORE-22JUN-T0.4,56,2022-07-06T14:08:08.054789Z,65,35,yes
136,8e318887-3cc3-48f4-a1e6-54aab0f83062,CPICORE-22JUN-T0.4,55,2022-07-06T14:08:08.054789Z,63,37,yes
137,3a27be29-8298-46cd-9f96-5e957a93465d,CPICORE-22JUN-T0.4,55,2022-07-06T14:08:08.054789Z,64,36,yes
138,2c13cbbd-daf4-416e-b250-351d71162bd4,CPICORE-22JUN-T0.4,10,2022-07-06T14:08:08.054789Z,62,38,yes
139,dc037f59-1db3-407e-ae42-d5a844274b10,CPICORE-22JUN-T0.4,10,2022-07-05T17:38:06.879384Z,59,41,no
140,ad70fcbf-e068-4f74-bff2-fe1cc0cd1a6a,CPICORE-22JUN-T0.4,54,2022-07-04T15:35:08.886541Z,62,38,yes
141,7e1a1c91-0af1-496b-8b99-eca123456f31,CPICORE-22JUN-T0.4,55,2022-07-04T15:35:08.886541Z,61,39,yes
142,4e964c31-6254-42e3-92d0-3f5934b3ef2b,CPICORE-22JUN-T0.4,41,2022-07-04T15:35:08.886541Z,60,40,yes
143,65bec2c5-f487-40e0-8768-7a8a32ea2f49,CPICORE-22JUN-T0.4,54,2022-07-03T23:48:18.223841Z,62,38,no
144,28aa60af-3022-45ec-9c38-df8e38ce9bde,CPICORE-22JUN-T0.4,52,2022-07-03T23:48:18.223841Z,61,39,no
145,08cb75bb-19ed-431c-9664-c916ff9d8973,CPICORE-22JUN-T0.4,50,2022-07-03T23:48:18.223841Z,63,37,no
146,a922be7f-0368-4188-847d-bbf2f52c1ea6,CPICORE-22JUN-T0.4,56,2022-07-03T23:46:06.701496Z,65,35,no
147,7f8962bb-736e-461c-958a-2b20ec1fb0da,CPICORE-22JUN-T0.4,55,2022-07-03T23:46:06.701496Z,64,36,no
148,5233793d-ec83-40f8-a79f-8bc3f6199634,CPICORE-22JUN-T0.4,56,2022-07-03T23:46:06.701496Z,66,34,no
149,b19bf04d-9c00-420b-8ceb-50642207055f,CPICORE-22JUN-T0.4,54,2022-07-02T20:08:56.387306Z,67,33,no
150,8bcd32d7-9f62-4a97-aa02-4d16617553e9,CPICORE-22JUN-T0.4,5,2022-07-01T23:10:24.398086Z,67,33,no
151,852b33fa-6224-484a-9be8-bf622ecdd4d9,CPICORE-22JUN-T0.4,48,2022-07-01T22:05:47.293734Z,68,32,no
152,9bd15a0d-13e0-403c-899b-42e57cd5f66f,CPICORE-22JUN-T0.5,16,2022-07-13T12:16:45.365992Z,49,51,yes
153,9b31d7da-8e0c-431d-b62b-cd9917384bfb,CPICORE-22JUN-T0.5,100,2022-07-13T12:16:45.365992Z,50,50,yes
154,699de6ac-6690-46e0-801e-cef1ae82e971,CPICORE-22JUN-T0.5,50,2022-07-13T12:16:45.365992Z,50,50,yes
155,3daea23d-f7cd-4280-9802-59ce978b337e,CPICORE-22JUN-T0.5,51,2022-07-13T12:16:45.365992Z,51,49,yes
156,f73c6e4c-bda8-47ef-8b31-8224edb451a2,CPICORE-22JUN-T0.5,15,2022-07-13T12:12:16.351702Z,44,56,no
157,a313fa62-99e1-4107-9a91-6ae8b24d3536,CPICORE-22JUN-T0.5,38,2022-07-13T12:12:16.351702Z,44,56,no
158,8bd6a324-bece-4068-93ec-762c0a45774e,CPICORE-22JUN-T0.5,27,2022-07-13T12:12:16.351702Z,44,56,no
159,1969fbd2-d809-45ee-9636-508e210303ec,CPICORE-22JUN-T0.5,10,2022-07-13T02:57:48.156113Z,45,55,no
160,f4f016e8-bc62-42ba-9270-24c512f784a2,CPICORE-22JUN-T0.5,28,2022-07-12T22:53:38.976116Z,43,57,no
161,cf51d2e3-f71f-4d87-b75e-22d010b54fb3,CPICORE-22JUN-T0.5,27,2022-07-12T22:53:38.976116Z,43,57,no
162,ccb16e33-0f90-456d-bdcc-2288bdbc8ab5,CPICORE-22JUN-T0.5,18,2022-07-12T22:53:38.976116Z,42,58,no
163,aa161414-864a-4f45-8116-135929f1bf23,CPICORE-22JUN-T0.5,36,2022-07-12T22:53:38.976116Z,42,58,no
164,1a6abf61-8a86-478f-8540-8a35a7744c4f,CPICORE-22JUN-T0.5,3,2022-07-12T22:53:38.976116Z,44,56,no
165,efe35d3d-4448-41cc-8106-faf142a971d2,CPICORE-22JUN-T0.5,29,2022-07-12T21:56:40.473603Z,48,52,yes
166,b5f75bf3-3ba5-4860-a23a-ea0008c4388d,CPICORE-22JUN-T0.5,135,2022-07-12T21:56:40.473603Z,49,51,yes
167,a0e7d92b-a93e-4bc4-b7a5-8fe9d2681d69,CPICORE-22JUN-T0.5,23,2022-07-12T21:56:40.473603Z,48,52,yes
168,8012e641-cb9d-4d6f-b177-e3c7c73bc92a,CPICORE-22JUN-T0.5,19,2022-07-12T21:56:40.473603Z,49,51,yes
169,65d0fd14-1fb6-4297-ac94-989cbea0a711,CPICORE-22JUN-T0.5,39,2022-07-12T21:56:40.473603Z,47,53,yes
170,54805972-8a33-4e73-abbb-a0b0dd9ffaf3,CPICORE-22JUN-T0.5,33,2022-07-12T21:56:40.473603Z,49,51,yes
171,409aaecc-c86d-4580-8ee2-beb58b23c3e7,CPICORE-22JUN-T0.5,250,2022-07-12T21:56:40.473603Z,50,50,yes
172,cdbdb69a-3760-492a-9651-45f47b535f14,CPICORE-22JUN-T0.5,52,2022-07-12T21:18:59.796033Z,41,59,no
173,4360c4cf-05fb-4f5c-a826-9931ccb53e40,CPICORE-22JUN-T0.5,27,2022-07-12T21:18:59.796033Z,43,57,no
174,3f53dcdd-0a38-4a39-8949-93228fa90255,CPICORE-22JUN-T0.5,54,2022-07-12T21:18:59.796033Z,42,58,no
175,81fbb875-0dfe-4969-b456-39387f17b6e8,CPICORE-22JUN-T0.5,37,2022-07-12T21:16:45.48068Z,44,56,no
176,68ca6b2b-ec9e-4a36-acb2-fd20dc0c05b3,CPICORE-22JUN-T0.5,53,2022-07-12T21:16:45.48068Z,43,57,no
177,2b14aa53-c1f3-49f3-8d46-3cc2c0d04c15,CPICORE-22JUN-T0.5,52,2022-07-12T21:16:45.48068Z,42,58,no
178,d9a83359-1e35-4a43-945c-fe2f2808af2b,CPICORE-22JUN-T0.5,36,2022-07-12T21:11:58.258545Z,44,56,no
179,9d0afb34-24a5-41ee-afa3-80995e2e774f,CPICORE-22JUN-T0.5,12,2022-07-12T21:11:58.258545Z,43,57,no
180,8044a6b2-af2a-49f2-8b61-50b86e63ede9,CPICORE-22JUN-T0.5,14,2022-07-12T21:11:58.258545Z,45,55,no
181,4f9fd197-136d-42fd-87da-fd73e50221b7,CPICORE-22JUN-T0.5,41,2022-07-12T21:11:58.258545Z,43,57,no
182,ad36834d-42b5-4203-956c-2bd0c53c2e18,CPICORE-22JUN-T0.5,12,2022-07-12T18:40:18.715143Z,45,55,no
183,662a4590-bc69-4e3c-bb92-42921892bc07,CPICORE-22JUN-T0.5,41,2022-07-12T18:40:18.715143Z,43,57,no
184,206497b6-01e8-440a-ba7d-17d659917f8d,CPICORE-22JUN-T0.5,47,2022-07-12T18:40:18.715143Z,44,56,no
185,1764405b-a7cb-4acd-bcb9-dccf99550898,CPICORE-22JUN-T0.5,15,2022-07-12T18:18:32.199032Z,49,51,yes
186,6380764d-fbbc-49d0-b0b9-b1ca3747083f,CPICORE-22JUN-T0.5,16,2022-07-12T18:16:44.009822Z,45,55,no
187,1c1c5ef1-c944-4b4b-a0b5-9216ece69315,CPICORE-22JUN-T0.5,250,2022-07-12T18:16:44.009822Z,45,55,no
188,f6d8c3ad-135c-4f72-8604-36f573f29593,CPICORE-22JUN-T0.5,75,2022-07-12T16:05:39.336145Z,43,57,no
189,d3d0e73e-75ed-482e-b212-6cb45889eaed,CPICORE-22JUN-T0.5,6,2022-07-12T16:05:39.336145Z,43,57,no
190,c5fb9512-5cfa-4752-a974-41769741b6ed,CPICORE-22JUN-T0.5,49,2022-07-12T16:05:39.336145Z,43,57,no
191,55b83f88-fb90-49a6-be03-79a47079797e,CPICORE-22JUN-T0.5,20,2022-07-12T16:05:39.336145Z,49,51,no
192,261b988a-b18b-4ca7-ad15-7c28c9baf8fa,CPICORE-22JUN-T0.5,12,2022-07-12T16:05:39.336145Z,44,56,no
193,13be21c3-d0a3-4230-85f1-522e0da24835,CPICORE-22JUN-T0.5,42,2022-07-12T16:05:39.336145Z,44,56,no
194,0a15947c-5c94-48ac-81d0-9afe0a2859be,CPICORE-22JUN-T0.5,7,2022-07-12T16:05:39.336145Z,45,55,no
195,b0a4170a-7a25-4b1b-bcb7-b2764cc57c24,CPICORE-22JUN-T0.5,49,2022-07-12T03:30:19.972691Z,49,51,yes
196,037fe3a2-adf2-4f35-8b2e-6f8985369b0f,CPICORE-22JUN-T0.5,52,2022-07-12T03:30:02.577796Z,48,52,yes
197,f777f43b-3439-474d-b749-39a02196cd36,CPICORE-22JUN-T0.5,50,2022-07-11T20:37:37.524182Z,47,53,yes
198,b645fa08-24bd-430e-99b7-9fe6dc398618,CPICORE-22JUN-T0.5,50,2022-07-11T20:37:37.524182Z,48,52,yes
199,5df6862f-f21c-4326-930a-37c858deb203,CPICORE-22JUN-T0.5,50,2022-07-11T20:37:34.075954Z,46,54,yes
200,53f15fef-b7c6-4dc1-866e-df931252fef8,CPICORE-22JUN-T0.5,17,2022-07-10T21:06:38.815671Z,43,57,yes
201,36660645-45f9-49a8-a2c9-e5e27948182e,CPICORE-22JUN-T0.5,51,2022-07-10T21:06:38.815671Z,44,56,yes
202,fa91662e-52a7-4da7-a456-de41dfabdfa6,CPICORE-22JUN-T0.5,24,2022-07-10T14:28:06.867324Z,42,58,yes
203,97e6c617-8161-42b2-897a-421630881084,CPICORE-22JUN-T0.5,52,2022-07-10T14:28:06.867324Z,43,57,yes
204,444339f5-7dc6-4368-aa9b-fae002ea41bd,CPICORE-22JUN-T0.5,51,2022-07-10T14:28:06.867324Z,44,56,yes
205,fad6c2c2-751e-4031-a153-0f59b19697d9,CPICORE-22JUN-T0.5,53,2022-07-09T12:49:56.817836Z,39,61,yes
206,3e6e30e6-4dd1-4b1d-bdeb-a9360887a56e,CPICORE-22JUN-T0.5,53,2022-07-09T12:49:56.817836Z,41,59,yes
207,2bf24549-da36-455f-8784-e41a79013ada,CPICORE-22JUN-T0.5,53,2022-07-09T12:49:56.817836Z,40,60,yes
208,03919d05-8b98-40f6-a27e-545e5826af50,CPICORE-22JUN-T0.5,27,2022-07-08T01:34:44.341335Z,38,62,yes
209,1b4bb121-07c0-430a-9916-bf76194e9ecd,CPICORE-22JUN-T0.5,30,2022-07-06T22:08:37.506645Z,38,62,yes
210,a266cde3-0a31-4d38-a05d-d979253d6e08,CPICORE-22JUN-T0.5,3,2022-07-06T22:06:45.360738Z,37,63,yes
211,17256299-4787-440b-aaf5-6f1009213372,CPICORE-22JUN-T0.5,34,2022-07-06T22:06:45.360738Z,37,63,yes
212,7a9ab3ae-6750-4076-8275-4860f357c9d0,CPICORE-22JUN-T0.5,10,2022-07-06T14:36:42.481028Z,36,64,yes
213,fae332c8-68d7-40d4-8019-2f5fd0448089,CPICORE-22JUN-T0.5,9,2022-07-06T14:01:21.032153Z,33,67,no
214,dafa66f1-78e0-4966-901b-ac8a3128e930,CPICORE-22JUN-T0.5,10,2022-07-06T14:01:21.032153Z,34,66,no
215,400ce655-14ac-403b-a2a9-c813937a4889,CPICORE-22JUN-T0.5,25,2022-07-06T14:01:21.032153Z,32,68,no
216,c0e6c117-d491-4bf4-8c79-b9b8d09ad9a4,CPICORE-22JUN-T0.5,10,2022-07-04T14:30:15.501839Z,37,63,yes
217,566794c3-07fa-480a-a0e2-ded843140c6c,CPICORE-22JUN-T0.5,55,2022-07-03T23:54:28.891022Z,37,63,no
218,4dea3dda-9eb0-4d46-9d78-5b595bf9f2be,CPICORE-22JUN-T0.5,13,2022-07-03T23:54:28.891022Z,39,61,no
219,332a943f-941f-4bd0-8d1f-e9b1808a2960,CPICORE-22JUN-T0.5,42,2022-07-03T23:54:28.891022Z,38,62,no
220,aeef1820-8b9f-4654-a614-b4549ebbe9ca,CPICORE-22JUN-T0.5,19,2022-07-02T21:39:57.387022Z,43,57,yes
221,7169128e-7b99-46b3-aea8-5140129a2fc2,CPICORE-22JUN-T0.5,7,2022-07-02T21:39:57.387022Z,44,56,yes
222,034bd53e-492c-4d31-a8cb-ba87f5a3529d,CPICORE-22JUN-T0.6,85,2022-07-13T01:46:30.149443Z,20,80,yes
223,dbfe0827-afd8-42fc-bbe2-87c512c3d5af,CPICORE-22JUN-T0.6,77,2022-07-12T21:57:04.825857Z,21,79,yes
224,b5c500ba-473e-4ee9-857d-ba57be73483f,CPICORE-22JUN-T0.6,128,2022-07-12T21:57:04.825857Z,19,81,yes
225,7875df39-b35a-4422-9965-e141e9e8dbb6,CPICORE-22JUN-T0.6,73,2022-07-12T21:57:04.825857Z,19,81,yes
226,4885c693-866f-4ff7-bf78-fc7dcba220c4,CPICORE-22JUN-T0.6,49,2022-07-12T21:57:04.825857Z,20,80,yes
227,3f665fc0-a4b6-438f-a858-4cd818cf4e06,CPICORE-22JUN-T0.6,35,2022-07-12T21:57:04.825857Z,20,80,yes
228,eb453656-71ba-487c-9c4e-2741981b0567,CPICORE-22JUN-T0.6,37,2022-07-12T18:40:40.054689Z,14,86,no
229,df95c0af-3003-4cd1-b8b9-e99eca2d7087,CPICORE-22JUN-T0.6,72,2022-07-12T18:40:40.054689Z,15,85,no
230,8a15fe8e-40f8-432d-b6f1-192fbf4f85b6,CPICORE-22JUN-T0.6,27,2022-07-12T18:40:40.054689Z,16,84,no
231,405c0b62-7740-472f-a780-fc3ace2e3f60,CPICORE-22JUN-T0.6,14,2022-07-12T18:40:40.054689Z,15,85,no
232,f44bc958-3940-4c1a-937a-71576470338f,CPICORE-22JUN-T0.6,2,2022-07-12T18:17:50.091014Z,19,81,yes
233,14b1d0ac-968a-4987-96e2-11144f8a5284,CPICORE-22JUN-T0.6,20,2022-07-12T18:12:17.440673Z,19,81,yes
234,3f5697b8-5770-4536-860e-78eecb749a3d,CPICORE-22JUN-T0.6,26,2022-07-12T16:05:55.419485Z,19,81,no
235,bafe6d2a-59d4-4563-b6ce-04d862e9a932,CPICORE-22JUN-T0.6,4,2022-07-12T13:30:32.160354Z,19,81,yes
236,adb4bafb-9297-454b-933d-950b83c0676c,CPICORE-22JUN-T0.6,12,2022-07-12T03:11:42.093108Z,18,82,yes
237,80b9435f-295a-4251-9bee-6be47a3549b7,CPICORE-22JUN-T0.6,4,2022-07-11T20:32:04.38643Z,14,86,no
238,5f7de522-f261-402e-afdd-c7a335c22218,CPICORE-22JUN-T0.6,6,2022-07-11T20:32:04.38643Z,14,86,no
239,b2d3e006-a4c5-47c5-bb4e-7cdc2554aea8,CPICORE-22JUN-T0.6,13,2022-07-11T18:26:22.275729Z,14,86,no
240,3c7aaba7-48f3-4754-a469-abeb4da8792d,CPICORE-22JUN-T0.6,12,2022-07-11T18:26:22.275729Z,13,87,no
241,ae4f55f9-3b8b-4fe1-b1de-e7e25b137baa,CPICORE-22JUN-T0.6,15,2022-07-11T17:48:06.940509Z,17,83,yes
242,98089d68-8d9c-4774-b2ce-9746fd7e78a6,CPICORE-22JUN-T0.6,5,2022-07-07T20:27:57.753093Z,13,87,no
243,f1ed2ad6-cdef-4b0b-be60-851ff5ec21f3,CPICORE-22JUN-T0.6,83,2022-07-05T23:32:56.144478Z,16,84,yes
244,320e5643-57a8-49a8-bb8e-1d073c26ec36,CPICORE-22JUN-T0.6,14,2022-07-05T23:32:56.144478Z,16,84,yes
245,7602f32c-3076-457e-808d-518f51b9a4dd,CPICORE-22JUN-T0.6,79,2022-07-05T23:32:36.184606Z,15,85,yes
246,e34fad3c-4316-4dfb-82ea-27e7c9a92d75,CPICORE-22JUN-T0.6,110,2022-07-03T23:54:20.945201Z,14,86,no
247,ca37b9a1-9af0-488c-9988-1adf253cf6d7,CPICORE-22JUN-T0.6,6,2022-07-03T23:54:20.945201Z,15,85,no
248,78c63045-b880-4b73-bddd-1edbbdf2b137,CPICORE-22JUN-T0.6,92,2022-07-03T23:54:20.945201Z,15,85,no
249,42fdec8d-0a10-4ee9-b14f-2ec5a13e9d91,CPICORE-22JUN-T0.6,106,2022-07-03T23:54:20.945201Z,13,87,no
250,e4dec16d-6138-4385-9182-2d3b13553b41,CPICORE-22JUN-T0.6,70,2022-07-02T20:07:38.139488Z,19,81,yes
251,8eb8294b-3e19-45a4-9807-446c0e82ce4d,CPICORE-22JUN-T0.6,5,2022-07-01T23:10:09.943215Z,19,81,yes
252,cd94bc4e-f652-41c8-903d-a2de741253a7,CPICORE-22JUN-T0.7,127,2022-07-13T03:19:18.096849Z,6,94,no
253,826e6101-7a4e-4b03-babb-7b6040b6bdf1,CPICORE-22JUN-T0.7,248,2022-07-13T03:19:18.096849Z,5,95,no
254,28857048-e0bf-4584-854b-08526ebf3a3c,CPICORE-22JUN-T0.7,30,2022-07-12T18:12:27.888716Z,9,91,yes
255,55cefaaa-76f8-40c5-bc49-0efc4088357d,CPICORE-22JUN-T0.7,10,2022-07-11T20:32:28.50574Z,8,92,yes
256,78b49249-8dcc-4394-926d-d113ae002ac4,CPICORE-22JUN-T0.7,30,2022-07-11T18:26:27.660925Z,5,95,no
257,5c62cb1f-071c-4c6b-a15c-8a839570ab8d,CPICORE-22JUN-T0.7,10,2022-07-11T17:48:33.542839Z,8,92,yes
258,e2303592-cd19-476f-ad13-eff305add7a9,CPICORE-22JUN-T0.7,5,2022-07-07T20:28:03.132587Z,5,95,no
259,40ff1196-043a-4899-917a-b6fe3d9a5a6b,CPICORE-22JUN-T0.7,5,2022-07-01T23:11:48.891058Z,8,92,yes
260,74776a43-0f8a-4dfc-9ad1-77173359eb1d,CPICORE-22JUN-T0.8,2,2022-07-13T02:01:30.746732Z,3,97,no
261,a54482e7-ba80-4259-bdac-62eeaa9108fa,CPICORE-22JUN-T0.8,15,2022-07-12T20:47:59.056606Z,4,96,yes
262,d0a9de7c-1447-4f35-b58c-1ec1cbf3a384,CPICORE-22JUN-T0.8,50,2022-07-12T18:12:37.524157Z,4,96,yes
263,03d573ff-3a29-4a37-bea1-d2b4a9d8e948,CPICORE-22JUN-T0.8,30,2022-07-11T18:26:38.222816Z,3,97,no
264,c0567efe-4430-49ff-9f4e-f191083de317,CPICORE-22JUN-T0.9,1,2022-07-12T20:48:17.147802Z,2,98,yes
265,482a3818-c310-4b3d-80c1-86bb750d3e0d,CPICORE-22JUN-T0.9,24,2022-07-12T20:48:17.147802Z,2,98,yes
266,96c4fffc-7df7-43b0-a12c-536cf13d0ebb,CPICORE-22JUN-T0.9,100,2022-07-01T16:14:48.588289Z,2,98,no
267,562298e9-be1e-4520-a673-3e194ae3cb12,CPICORE-22JUL-T0.1,508,2022-08-09T18:30:12.708395Z,99,1,yes
268,dd55dc89-3877-452b-936b-a9415207c1a0,CPICORE-22JUL-T0.1,75,2022-08-09T15:11:42.185639Z,99,1,yes
269,79ba5b26-d048-41fb-b211-c9eba318073b,CPICORE-22JUL-T0.1,100,2022-08-08T16:27:17.663603Z,98,2,no
270,87c04faf-bcf6-4f69-8147-22e3ff61187a,CPICORE-22JUL-T0.1,100,2022-08-07T16:23:32.956325Z,98,2,no
271,4727b759-2186-4601-8676-15287f4f51a6,CPICORE-22JUL-T0.1,45,2022-08-07T16:23:32.956325Z,98,2,no
272,9d47c4ba-7fe5-4796-8258-60a1f7a03fa9,CPICORE-22JUL-T0.1,324,2022-07-14T16:51:44.992097Z,97,3,no
273,73fd613e-a4ec-4653-ae18-b9dfc5bcf8dd,CPICORE-22JUL-T0.1,1,2022-07-14T16:51:44.992097Z,98,2,no
274,2b98e3f5-7fd4-43b7-8fcd-4beda673d7da,CPICORE-22JUL-T0.1,109,2022-07-14T16:51:44.992097Z,97,3,no
275,f5dfd5a3-82ca-460a-ba7a-b22def9bfb07,CPICORE-22JUL-T0.1,430,2022-07-13T12:40:36.321257Z,98,2,yes
276,8813b1a7-68df-4986-9300-fc5bbe404c48,CPICORE-22JUL-T0.1,4,2022-07-13T12:40:36.321257Z,97,3,yes
277,301be95f-019a-41ee-8628-31b29111419d,CPICORE-22JUL-T0.2,151,2022-08-09T18:29:53.318316Z,97,3,yes
278,8f4f2c64-9549-4c71-9598-5c37fe499e3a,CPICORE-22JUL-T0.2,50,2022-08-09T15:12:01.771528Z,97,3,yes
279,fedfdb8e-c945-4089-8a17-0ffead7b74f0,CPICORE-22JUL-T0.2,30,2022-08-09T14:07:21.471306Z,95,5,no
280,855710ee-a499-4925-9d59-fad0fd17339c,CPICORE-22JUL-T0.2,100,2022-08-09T03:23:56.471591Z,97,3,yes
281,0e707cbe-5f87-4bca-bc76-9c1f9eeaba06,CPICORE-22JUL-T0.2,50,2022-08-08T16:40:25.210414Z,96,4,no
282,55c4193f-469d-4f6e-97c6-45c2a8bb81f5,CPICORE-22JUL-T0.2,100,2022-08-08T16:27:34.103Z,97,3,no
283,4ad89892-c4ad-4a6b-a40c-0cc6a2b32bad,CPICORE-22JUL-T0.2,50,2022-08-04T19:35:59.355375Z,97,3,yes
284,cfe1dd82-90c8-4b77-8001-1d6c4b3e31e7,CPICORE-22JUL-T0.2,1,2022-08-04T16:25:23.900958Z,97,3,yes
285,1438276f-d823-4f14-86ec-e24b430fb020,CPICORE-22JUL-T0.2,49,2022-08-04T16:25:23.900958Z,97,3,yes
286,c84bcaf4-2218-4dd3-bf38-a80d52efde37,CPICORE-22JUL-T0.2,15,2022-08-04T12:01:17.793529Z,97,3,no
287,362c5df1-e54a-4cd4-959e-6b5ace6f2d1a,CPICORE-22JUL-T0.2,99,2022-08-04T12:01:17.793529Z,97,3,no
288,7e6cc200-b371-4ba9-a2cc-bee764abf5cf,CPICORE-22JUL-T0.2,1,2022-07-14T03:47:35.251345Z,98,2,no
289,937a8402-f243-40e5-8c78-fa75915538eb,CPICORE-22JUL-T0.2,4,2022-07-12T02:35:11.800137Z,92,8,yes
290,b09fca37-8972-45e3-b85d-595058dc9ff9,CPICORE-22JUL-T0.3,345,2022-08-10T03:13:28.693668Z,94,6,yes
291,a1611019-ff55-4372-a1ed-6114cd08aa36,CPICORE-22JUL-T0.3,36,2022-08-10T03:13:28.693668Z,94,6,yes
292,83e84b81-05cc-41a6-a999-de2baac434af,CPICORE-22JUL-T0.3,10,2022-08-10T02:04:26.338797Z,93,7,no
293,f5a0a3e6-605b-41b5-a294-41bcde3aaff1,CPICORE-22JUL-T0.3,246,2022-08-09T21:22:29.237578Z,93,7,yes
294,36ae6111-8c59-438b-b2c7-e3fc14f7d77c,CPICORE-22JUL-T0.3,189,2022-08-09T18:30:58.416162Z,92,8,yes
295,5ec215ee-0060-4699-b938-e1033f22da83,CPICORE-22JUL-T0.3,50,2022-08-09T03:23:42.043848Z,90,10,yes
296,ee6161bf-b87c-43eb-8658-1df577bc20e8,CPICORE-22JUL-T0.3,50,2022-08-08T20:57:03.658054Z,88,12,no
297,61dcb234-17b9-4017-880f-81059b1fd0e7,CPICORE-22JUL-T0.3,100,2022-08-08T16:35:40.137669Z,89,11,no
298,0a46970f-4252-4f26-9894-0545f37ba6c7,CPICORE-22JUL-T0.3,25,2022-08-08T16:31:12.34699Z,89,11,no
299,3ab920cd-8f51-4e97-ba5d-e7b37b2ee220,CPICORE-22JUL-T0.3,75,2022-08-08T16:27:48.256865Z,90,10,no
300,d3583016-11da-43bd-a024-e14fa721ea6c,CPICORE-22JUL-T0.3,162,2022-08-07T16:21:08.061698Z,90,10,no
301,b661ecae-be73-49fd-a670-b861b0566cbf,CPICORE-22JUL-T0.3,24,2022-08-07T16:21:08.061698Z,90,10,no
302,ce246c34-468d-447d-b9d1-3e6a53741a53,CPICORE-22JUL-T0.3,25,2022-08-07T16:21:03.381401Z,91,9,no
303,bb451f70-0982-4002-869c-90c0bc0fe8d3,CPICORE-22JUL-T0.3,10,2022-08-05T22:40:12.336548Z,93,7,yes
304,ebdfab03-67c6-4620-bcde-3107833ec5af,CPICORE-22JUL-T0.3,50,2022-08-05T15:07:52.351745Z,92,8,no
305,b7f53d38-d411-44a6-83d6-3a4a692f009b,CPICORE-22JUL-T0.3,50,2022-08-04T16:25:11.840086Z,92,8,yes
306,66d1d745-fa79-4bfa-874a-13828011216d,CPICORE-22JUL-T0.3,119,2022-07-14T16:51:38.565999Z,90,10,no
307,6659c068-a62e-4ba2-8df0-b0be04633252,CPICORE-22JUL-T0.3,61,2022-07-14T16:51:38.565999Z,91,9,no
308,184f476a-6a60-4dc0-b0f1-6acc612112cf,CPICORE-22JUL-T0.3,120,2022-07-14T16:51:38.565999Z,90,10,no
309,81410686-23bb-42be-9d38-13f5068c6dc1,CPICORE-22JUL-T0.3,26,2022-07-14T15:19:25.592583Z,91,9,no
310,4fd46663-50f9-48b0-81f3-cf087d355fb5,CPICORE-22JUL-T0.3,106,2022-07-14T15:19:25.592583Z,90,10,no
311,07c33811-eb29-4df5-9ce4-825285aa8f33,CPICORE-22JUL-T0.3,118,2022-07-14T15:19:25.592583Z,91,9,no
312,4e4d872b-1f8f-4f86-9b5a-f788fa7cf3bf,CPICORE-22JUL-T0.3,300,2022-07-14T13:43:41.12511Z,92,8,yes
313,d30a3468-e864-4623-a679-ff00b9820bb3,CPICORE-22JUL-T0.3,293,2022-07-14T03:43:51.405395Z,92,8,no
314,ba5b4091-a750-4cb3-9188-3641e14b7b16,CPICORE-22JUL-T0.3,287,2022-07-13T15:51:06.345457Z,92,8,no
315,8e26ce6f-6bd2-4242-8d61-1cd405187c63,CPICORE-22JUL-T0.3,334,2022-07-13T15:51:06.345457Z,93,7,no
316,5d6a351f-cdd4-4fb4-941e-01b2957b53b3,CPICORE-22JUL-T0.3,302,2022-07-13T15:51:06.345457Z,94,6,no
317,fa2762bb-4696-4eff-9bf6-ecffabb9e03c,CPICORE-22JUL-T0.3,4,2022-07-12T19:05:17.880398Z,80,20,yes
318,2e5d59fe-0fe9-4683-908c-8913b02d8954,CPICORE-22JUL-T0.4,10,2022-08-10T12:04:22.233018Z,86,14,yes
319,904e892e-1316-426b-a973-066c439f592e,CPICORE-22JUL-T0.4,5,2022-08-10T02:04:20.80415Z,81,19,no
320,01d8f8fd-42e4-4dcb-8f6f-2f88b5aecd16,CPICORE-22JUL-T0.4,24,2022-08-10T01:58:50.700225Z,85,15,yes
321,9efcfcb5-e71f-4597-912a-bcd36615559e,CPICORE-22JUL-T0.4,15,2022-08-09T19:31:13.340925Z,81,19,no
322,3d7b5611-77de-404c-8aa4-2c8a4ca5d2e2,CPICORE-22JUL-T0.4,100,2022-08-09T18:36:44.413523Z,84,16,yes
323,cef49014-575d-4525-a4db-c2490fa92ee6,CPICORE-22JUL-T0.4,24,2022-08-09T18:31:03.606967Z,81,19,no
324,d254b3dc-0cde-445f-b3df-ca1b66cd7f81,CPICORE-22JUL-T0.4,100,2022-08-09T03:25:00.191848Z,84,16,yes
325,d89e6ec7-a8c8-415d-8765-252f1e7d37b1,CPICORE-22JUL-T0.4,50,2022-08-08T20:35:42.837265Z,84,16,yes
326,51252adc-a5d5-4117-8eea-b05bd285045e,CPICORE-22JUL-T0.4,10,2022-08-08T20:29:53.922421Z,84,16,yes
327,4ff00639-290e-442c-b13b-fb0b2e86cbce,CPICORE-22JUL-T0.4,50,2022-08-08T19:39:08.781859Z,83,17,yes
328,47862c1c-6a45-4389-aaf7-a687dd4a8c29,CPICORE-22JUL-T0.4,44,2022-08-08T16:39:33.102196Z,81,19,no
329,0159a9f9-bd96-4267-a9f2-29655819ed3c,CPICORE-22JUL-T0.4,56,2022-08-08T16:32:06.687476Z,82,18,no
330,edd53e2a-599d-4a5f-b60c-5ed83be5ee23,CPICORE-22JUL-T0.4,37,2022-08-08T16:27:58.420603Z,82,18,no
331,54dd2d52-58c4-4033-a31e-d0c474732473,CPICORE-22JUL-T0.4,63,2022-08-08T16:27:58.420603Z,82,18,no
332,738e2f23-6b24-490a-b743-a977b42125d0,CPICORE-22JUL-T0.4,50,2022-08-08T03:04:41.979656Z,85,15,yes
333,4f974b13-7be1-4e34-8163-a84f84d20411,CPICORE-22JUL-T0.4,225,2022-08-07T21:58:55.010229Z,86,14,yes
334,7c423963-af9a-4ca6-958b-774d110cc84a,CPICORE-22JUL-T0.4,64,2022-08-07T16:20:44.476026Z,83,17,no
335,1467d0e5-eaf1-4b44-8b7c-a5adc99797ce,CPICORE-22JUL-T0.4,173,2022-08-05T19:45:43.014633Z,84,16,yes
336,379fbcec-cb9e-4a16-b7c0-363fcc6f04df,CPICORE-22JUL-T0.4,18,2022-08-05T19:45:27.101072Z,83,17,yes
337,c2e15360-c36a-4c45-abd7-e71661103a38,CPICORE-22JUL-T0.4,4,2022-08-05T15:06:51.048905Z,81,19,no
338,b4969df8-0dc1-459a-8d87-f9f401555e63,CPICORE-22JUL-T0.4,88,2022-08-05T15:06:51.048905Z,80,20,no
339,1420b879-112b-4928-9b78-4a97de59b892,CPICORE-22JUL-T0.4,9,2022-08-05T15:06:51.048905Z,82,18,no
340,0b3a2179-4ef1-4f47-90ed-f52126709c64,CPICORE-22JUL-T0.4,149,2022-08-05T15:06:51.048905Z,81,19,no
341,857346a7-8e55-421a-9024-8f496ae7ef50,CPICORE-22JUL-T0.4,154,2022-08-04T20:36:33.840201Z,85,15,yes
342,25b19e3f-d9bd-4f60-966f-3f450825e92f,CPICORE-22JUL-T0.4,27,2022-08-04T16:22:46.161714Z,84,16,no
343,63fff0e9-8128-49fb-9009-8e32f10621d9,CPICORE-22JUL-T0.4,71,2022-08-04T12:52:34.568008Z,85,15,yes
344,d16fc28a-d1e8-4e22-97cf-8ca6ebf3be49,CPICORE-22JUL-T0.4,25,2022-08-04T12:01:15.969753Z,86,14,no
345,f22a84b0-4fe5-4af2-94cd-d31cc767b316,CPICORE-22JUL-T0.4,156,2022-08-03T22:07:11.809599Z,89,11,yes
346,906ac1f7-630b-4f8a-8b2b-503704cda631,CPICORE-22JUL-T0.4,184,2022-08-03T22:07:11.809599Z,87,13,yes
347,5e8b20b7-6d92-4afd-a1e8-f8c8775fe863,CPICORE-22JUL-T0.4,25,2022-08-03T22:07:11.809599Z,89,11,yes
348,533af84e-ee5a-48bb-b973-8a50607b8aa9,CPICORE-22JUL-T0.4,198,2022-08-03T22:07:11.809599Z,88,12,yes
349,ef654e35-5537-4792-8a98-5191ece572e4,CPICORE-22JUL-T0.4,500,2022-08-03T21:26:16.123037Z,85,15,yes
350,c88611e0-a065-4a1a-b4d4-0b00523ab4cb,CPICORE-22JUL-T0.4,250,2022-08-03T16:47:05.699303Z,86,14,yes
351,34d60845-3fb6-4473-bf03-7a0bcaf69e45,CPICORE-22JUL-T0.4,230,2022-08-03T16:46:59.813334Z,85,15,yes
352,6fb052ac-05f6-4669-91c9-1cf0d2555568,CPICORE-22JUL-T0.4,1,2022-08-03T01:19:36.482086Z,85,15,yes
353,504c791e-1e35-48ec-b9df-41b110976471,CPICORE-22JUL-T0.4,19,2022-08-03T01:11:37.22159Z,85,15,no
354,cb6dbb74-669e-451a-a994-116b227e55d4,CPICORE-22JUL-T0.4,41,2022-08-02T20:10:38.024218Z,88,12,yes
355,aaba89e0-b7fa-4903-bf52-b2d4e50aeb4a,CPICORE-22JUL-T0.4,25,2022-07-30T12:07:40.048681Z,88,12,yes
356,86f3d14a-f477-411c-8f5a-a482031f1ab1,CPICORE-22JUL-T0.4,130,2022-07-30T12:07:40.048681Z,88,12,yes
357,ce8cd3b4-7815-4a44-9ceb-0b7acb7fdb50,CPICORE-22JUL-T0.4,25,2022-07-28T20:15:43.880677Z,88,12,yes
358,2448e045-7f1f-4431-8219-7e3dfbe56004,CPICORE-22JUL-T0.4,75,2022-07-28T20:15:43.880677Z,87,13,yes
359,410765ac-5cb9-4d01-aead-187a419c4fbf,CPICORE-22JUL-T0.4,41,2022-07-28T13:17:16.534567Z,88,12,yes
360,13a7c4cd-8d98-4dd0-b9c6-5ba55c90d706,CPICORE-22JUL-T0.4,39,2022-07-25T00:01:05.946961Z,84,16,no
361,accd55ef-880e-42fd-96eb-554e6006b4bc,CPICORE-22JUL-T0.4,77,2022-07-24T23:58:52.901678Z,84,16,no
362,966057d8-4fc3-4a88-9b5e-a7de4e0aec4f,CPICORE-22JUL-T0.4,90,2022-07-24T23:58:52.901678Z,84,16,no
363,e69693cd-c5b0-4a0e-b234-d5b48cc349d6,CPICORE-22JUL-T0.4,71,2022-07-24T16:47:43.156348Z,88,12,yes
364,cc5c1c17-8d0d-42f1-82b5-aaf06fc4dc34,CPICORE-22JUL-T0.4,39,2022-07-24T16:47:43.156348Z,88,12,yes
365,6393cd3a-994c-495a-8f64-b5891605bc16,CPICORE-22JUL-T0.4,31,2022-07-24T16:47:43.156348Z,89,11,yes
366,489db93e-c0c0-4d93-ade0-14e4d2f16ba3,CPICORE-22JUL-T0.4,60,2022-07-24T16:47:43.156348Z,89,11,yes
367,e2a194d1-3e30-4571-8bd7-5694593fb63b,CPICORE-22JUL-T0.4,128,2022-07-20T16:36:47.408949Z,87,13,yes
368,ea9e0f34-8eed-4832-8643-6a98710ecdf2,CPICORE-22JUL-T0.4,78,2022-07-15T12:55:42.534971Z,87,13,yes
369,d77d3060-5d25-49b4-aeca-1c7060fa74f6,CPICORE-22JUL-T0.4,145,2022-07-14T16:51:33.708585Z,83,17,no
370,b2afe578-c05d-4f38-b14e-4d212fcf3400,CPICORE-22JUL-T0.4,31,2022-07-14T16:51:33.708585Z,82,18,no
371,28adda6a-9ce6-42f4-b570-e5fe5808fff5,CPICORE-22JUL-T0.4,124,2022-07-14T16:51:33.708585Z,84,16,no
372,56a689f7-62c2-4756-adfc-2381a843dfd6,CPICORE-22JUL-T0.4,9,2022-07-14T15:18:53.637208Z,85,15,yes
373,8de6bcf6-1323-461d-b42d-de4cc2ef7d8a,CPICORE-22JUL-T0.4,300,2022-07-14T13:43:28.619526Z,85,15,yes
374,e069c659-45a8-4e04-81c5-ba45d9ad9cf4,CPICORE-22JUL-T0.4,155,2022-07-14T03:44:36.371209Z,85,15,yes
375,298e9bf0-72d7-4dc5-a433-a24c5f2f911e,CPICORE-22JUL-T0.4,44,2022-07-14T03:43:37.444914Z,85,15,yes
376,490c63b7-7a05-424d-8747-d3e869ec4167,CPICORE-22JUL-T0.4,174,2022-07-14T03:43:37.413631Z,85,15,yes
377,80d9411e-8db9-4a5d-af0d-d521a1f74b28,CPICORE-22JUL-T0.4,73,2022-07-14T03:43:08.158644Z,86,14,no
378,5acf2a57-c13e-4b6c-9d20-e12438295eda,CPICORE-22JUL-T0.4,165,2022-07-14T03:43:08.158644Z,85,15,no
379,0acc2bd0-273f-48f5-9e4a-b25572b5e3ff,CPICORE-22JUL-T0.4,80,2022-07-14T03:43:08.158644Z,86,14,no
380,c3e6c658-6a36-4bec-ad57-03f413f747ad,CPICORE-22JUL-T0.4,92,2022-07-13T20:18:57.266701Z,87,13,no
381,b41d5d4c-0c36-4751-a018-05e6702c2739,CPICORE-22JUL-T0.4,109,2022-07-13T20:18:57.266701Z,86,14,no
382,6001a713-de8b-4ad3-b70b-da5be831e274,CPICORE-22JUL-T0.4,6,2022-07-13T18:36:28.20409Z,91,9,yes
383,f4449324-1383-4b45-a361-65e090470b03,CPICORE-22JUL-T0.4,184,2022-07-13T15:51:01.256952Z,88,12,no
384,30ca163f-b2a2-4f3f-b482-bbe2e28e4567,CPICORE-22JUL-T0.4,178,2022-07-13T15:51:01.256952Z,86,14,no
385,1d229981-d4c0-45c7-b3b1-a762d90d3456,CPICORE-22JUL-T0.4,191,2022-07-13T15:51:01.256952Z,87,13,no
386,88a7d067-9122-46cb-8e87-ae0bdabd13db,CPICORE-22JUL-T0.4,54,2022-07-12T19:04:37.707809Z,64,36,yes
387,b321ee2d-1fda-4ae5-9706-8e029d8fc350,CPICORE-22JUL-T0.4,58,2022-07-12T19:04:31.639866Z,63,37,yes
388,afc0d984-e83e-4624-aa68-7c86c3e93f47,CPICORE-22JUL-T0.4,43,2022-07-12T19:04:31.639866Z,62,38,yes
389,87ad9f89-8cce-472b-bd06-6b41d8df1727,CPICORE-22JUL-T0.4,4,2022-07-12T19:04:31.639866Z,61,39,yes
390,711ca675-3969-44da-920f-9d0672f610f6,CPICORE-22JUL-T0.4,9,2022-07-12T19:04:31.639866Z,62,38,yes
391,41f4532c-5103-4284-ad3d-0601732dc7cd,CPICORE-22JUL-T0.4,39,2022-07-08T18:24:42.414318Z,57,43,no
392,c64f4d7c-176c-4744-aafd-5c63db3885f2,CPICORE-22JUL-T0.4,55,2022-07-08T17:37:29.759398Z,59,41,no
393,6fbe84f5-b9bd-4e57-b635-064a8b04ea6e,CPICORE-22JUL-T0.4,53,2022-07-08T17:37:29.759398Z,58,42,no
394,303765ca-ccd0-4f97-ad19-850c35d5e400,CPICORE-22JUL-T0.4,15,2022-07-08T17:37:29.759398Z,60,40,no
395,fe9bcf21-3b45-4c11-9871-1dba1f6609f8,CPICORE-22JUL-T0.4,53,2022-07-06T14:07:58.68415Z,62,38,yes
396,88dd240a-4a96-4d98-875b-fe2351ab3072,CPICORE-22JUL-T0.4,54,2022-07-06T14:07:58.68415Z,63,37,yes
397,51cf0a42-83fb-42fb-82a5-96d50b456b13,CPICORE-22JUL-T0.4,55,2022-07-06T14:07:58.68415Z,64,36,yes
398,c2c8f365-58fc-46dd-b76b-128766975f8d,CPICORE-22JUL-T0.4,18,2022-07-03T17:40:05.519523Z,58,42,yes
399,9baa5f92-7553-4cb9-b1a8-5ba4a4310739,CPICORE-22JUL-T0.4,54,2022-07-03T17:40:05.519523Z,59,41,yes
400,87029dcc-a062-4d0f-9462-d941bd948a7d,CPICORE-22JUL-T0.4,53,2022-07-03T17:40:05.519523Z,60,40,yes
401,bc3e1c02-a258-4b85-93fb-5cf7946c93b9,CPICORE-22JUL-T0.5,5,2022-08-10T12:16:47.504175Z,65,35,yes
402,84746d55-51f9-485e-86a4-ba6ba31e6887,CPICORE-22JUL-T0.5,5,2022-08-10T12:04:55.774494Z,65,35,yes
403,ceda312e-fc52-4c6c-baed-a4dfb6932c3a,CPICORE-22JUL-T0.5,18,2022-08-10T01:12:30.396217Z,65,35,yes
404,51774b05-f067-4227-ae4b-f0b94c16e939,CPICORE-22JUL-T0.5,182,2022-08-10T01:12:30.396217Z,64,36,yes
405,eb9d4cc3-84fd-40de-a735-6f27e753c277,CPICORE-22JUL-T0.5,50,2022-08-09T15:26:58.542453Z,62,38,no
406,2943d5d0-5fae-4fbd-8551-b13c2af313ca,CPICORE-22JUL-T0.5,50,2022-08-08T16:30:48.259236Z,63,37,no
407,8bbd885a-b4d3-4e8c-bc2a-75c3060761ce,CPICORE-22JUL-T0.5,1,2022-08-08T15:30:05.384219Z,66,34,yes
408,1f1f145d-bf02-421a-a31b-ffdd96323f57,CPICORE-22JUL-T0.5,163,2022-08-07T16:20:38.005561Z,63,37,no
409,793a76fe-e32b-4278-91d3-97eed71dff43,CPICORE-22JUL-T0.5,37,2022-08-07T16:17:25.656563Z,63,37,no
410,7a7e0698-f197-47a9-89c7-b78d7705ff26,CPICORE-22JUL-T0.5,92,2022-08-06T03:53:09.923251Z,64,36,yes
411,3f0cc195-4597-496f-afce-1c4ed960f931,CPICORE-22JUL-T0.5,97,2022-08-06T03:53:09.923251Z,65,35,yes
412,1870482e-ce3e-4ca4-b368-969db164cc6f,CPICORE-22JUL-T0.5,81,2022-08-06T03:53:09.923251Z,66,34,yes
413,93fa3b34-6129-41db-96f2-e4065497f010,CPICORE-22JUL-T0.5,98,2022-08-06T03:26:29.291088Z,62,38,yes
414,81ce5e8a-57a9-4c51-b9b9-0de3e3231038,CPICORE-22JUL-T0.5,40,2022-08-06T03:26:29.291088Z,59,41,yes
415,2808dc3d-f317-4d9a-853d-47f2466e7c57,CPICORE-22JUL-T0.5,93,2022-08-06T03:26:29.291088Z,63,37,yes
416,1aea5c76-0b66-4383-83bf-42754344c29e,CPICORE-22JUL-T0.5,19,2022-08-06T03:26:29.291088Z,61,39,yes
417,12edaf62-799d-42d6-9181-e82f3ac8f1cf,CPICORE-22JUL-T0.5,79,2022-08-05T20:55:24.333243Z,61,39,yes
418,7f0d4de0-35b4-4495-955a-d9076d9438c7,CPICORE-22JUL-T0.5,15,2022-08-05T18:42:41.615606Z,56,44,no
419,78253432-f7af-492c-87f1-ec92c5c766be,CPICORE-22JUL-T0.5,10,2022-08-05T18:42:41.615606Z,60,40,no
420,4a075d70-7859-48bb-9767-15be6e48bb25,CPICORE-22JUL-T0.5,47,2022-08-05T18:42:41.615606Z,55,45,no
421,1a5b818b-4eba-41dc-a204-9d7539078758,CPICORE-22JUL-T0.5,14,2022-08-05T18:42:41.615606Z,55,45,no
422,ed59785d-ee05-4d99-b682-4f25e4705a6e,CPICORE-22JUL-T0.5,20,2022-08-05T17:29:00.317741Z,60,40,yes
423,be704913-a78a-40c9-808d-bb00627969bf,CPICORE-22JUL-T0.5,1,2022-08-05T16:17:43.75138Z,55,45,no
424,9ba82284-7a73-427e-8ae5-724bded4d954,CPICORE-22JUL-T0.5,1,2022-08-05T16:08:11.053762Z,60,40,yes
425,fdb24d55-edf1-40a4-964e-fc79c9ef5cee,CPICORE-22JUL-T0.5,1,2022-08-05T16:05:45.710832Z,55,45,no
426,c2ec9da3-ed4d-41d8-9460-7660342796dd,CPICORE-22JUL-T0.5,1,2022-08-05T16:05:41.758625Z,60,40,yes
427,407760ff-be9b-4da7-bfc8-fbe3a82c44b6,CPICORE-22JUL-T0.5,12,2022-08-05T15:53:47.562257Z,60,40,yes
428,da76bee3-315f-4363-bd1d-f6d42d6f2600,CPICORE-22JUL-T0.5,83,2022-08-05T15:13:37.535402Z,56,44,no
429,c55db398-5cd5-4b6c-ad77-80b5d40b1660,CPICORE-22JUL-T0.5,1,2022-08-05T15:13:37.535402Z,57,43,no
430,6d7b13d3-dd25-4191-b02f-c5e0a25551e3,CPICORE-22JUL-T0.5,37,2022-08-05T15:13:37.535402Z,55,45,no
431,1e711d2d-74dc-48f6-804b-eb5e356e8f04,CPICORE-22JUL-T0.5,9,2022-08-05T15:13:37.535402Z,57,43,no
432,49b13f39-8943-4d51-82fe-492e01d48eb4,CPICORE-22JUL-T0.5,29,2022-08-05T12:45:53.581227Z,62,38,yes
433,f9232d02-0f00-49f9-984d-d2bd167da9d4,CPICORE-22JUL-T0.5,1,2022-08-04T17:14:38.217197Z,62,38,yes
434,a0cabd1e-e78a-4426-88b1-85f1a5b29a9d,CPICORE-22JUL-T0.5,93,2022-08-04T16:20:19.209542Z,58,42,no
435,88322731-1097-42c6-84cf-ca2c006eea77,CPICORE-22JUL-T0.5,24,2022-08-04T16:20:19.209542Z,57,43,no
436,5f23aa70-0f05-4c9d-9813-028f4f200f9a,CPICORE-22JUL-T0.5,64,2022-08-04T16:20:19.209542Z,57,43,no
437,2b6c8058-1af7-43a4-b51f-1a4b6255a4c5,CPICORE-22JUL-T0.5,30,2022-08-04T16:20:19.209542Z,59,41,no
438,17e77bae-0c76-412d-9012-10402cba26bf,CPICORE-22JUL-T0.5,49,2022-08-04T16:20:19.209542Z,59,41,no
439,17c16d2b-f697-4e7b-811a-8617dfb46689,CPICORE-22JUL-T0.5,20,2022-08-04T12:01:18.091717Z,67,33,no
440,fbfe6aa4-f476-4501-b418-89efb3c652cc,CPICORE-22JUL-T0.5,96,2022-08-04T12:01:15.892751Z,67,33,no
441,f5f1db80-6567-4870-81e2-8b052f7d9550,CPICORE-22JUL-T0.5,83,2022-08-04T12:01:15.863364Z,67,33,no
442,e096144f-fb1a-4e56-a6ec-257971924a44,CPICORE-22JUL-T0.5,68,2022-08-04T01:38:27.842988Z,67,33,yes
443,d55c899a-894a-4074-a64e-9d89e4086022,CPICORE-22JUL-T0.5,101,2022-08-03T22:07:51.068666Z,67,33,yes
444,bb8699c9-a24c-48d0-b403-a3a4cbf40ac5,CPICORE-22JUL-T0.5,95,2022-08-03T18:52:36.544698Z,64,36,no
445,8d617c14-8d67-466b-a268-0ff637e107c5,CPICORE-22JUL-T0.5,97,2022-08-03T18:52:36.544698Z,66,34,no
446,860616d4-f094-40c4-ac1c-2b182a0de3ab,CPICORE-22JUL-T0.5,96,2022-08-03T18:52:36.544698Z,65,35,no
447,1280749e-6a3b-4b7c-961b-f84fdd15d8d1,CPICORE-22JUL-T0.5,81,2022-08-03T16:37:03.17749Z,67,33,no
448,5e5e82fc-8576-44b6-8f03-f84257ed9e46,CPICORE-22JUL-T0.5,11,2022-08-03T16:21:16.031046Z,67,33,yes
449,8a4a7263-d677-4d41-b0f0-cd5eb187fcd3,CPICORE-22JUL-T0.5,85,2022-08-03T16:19:55.071175Z,67,33,yes
450,62eedf5e-8809-4e7b-90c5-61a11e7959c8,CPICORE-22JUL-T0.5,101,2022-08-03T16:19:54.814441Z,67,33,yes
451,61d5d852-93e3-42fb-a6ca-79d6524f5e20,CPICORE-22JUL-T0.5,101,2022-08-03T16:17:28.603857Z,68,32,no
452,3a5ed3f3-cc0c-4360-8718-7122db5079ca,CPICORE-22JUL-T0.5,103,2022-08-03T16:17:28.603857Z,69,31,no
453,23da6f09-44d4-417b-9885-fa2564093397,CPICORE-22JUL-T0.5,99,2022-08-03T16:17:28.603857Z,67,33,no
454,7657c22d-3ce3-48ef-8733-50c82c30dfdd,CPICORE-22JUL-T0.5,30,2022-08-03T12:56:22.092226Z,70,30,yes
455,c1cb50f8-cbc8-4a27-a117-1cac1b567e7d,CPICORE-22JUL-T0.5,100,2022-08-03T01:11:52.104985Z,70,30,yes
456,9c665bd0-1346-4d0f-8fb8-1eb79bcb3d89,CPICORE-22JUL-T0.5,17,2022-08-03T01:09:46.944791Z,70,30,yes
457,fd45bd88-34b8-4f7d-965b-1e3fc96ed1e7,CPICORE-22JUL-T0.5,112,2022-08-03T01:09:46.688231Z,70,30,yes
458,c85246d0-4d78-47af-a0f0-93ae1341147a,CPICORE-22JUL-T0.5,20,2022-08-03T01:09:09.947288Z,71,29,no
459,0e4add32-423e-4b9f-ae9c-2e8c6e07d7c9,CPICORE-22JUL-T0.5,113,2022-08-03T01:09:09.947288Z,70,30,no
460,b7294fd7-f363-4a34-9ed7-e903419588d9,CPICORE-22JUL-T0.5,8,2022-08-02T19:42:07.628945Z,72,28,no
461,a6419d39-3996-4e94-b5a6-5c85ad60ad79,CPICORE-22JUL-T0.5,109,2022-08-02T19:42:07.628945Z,71,29,no
462,8be9823e-5a15-4fc7-90c5-12342d861a03,CPICORE-22JUL-T0.5,106,2022-08-02T19:42:07.628945Z,70,30,no
463,ef14c22c-2f37-47b6-9370-2e7cba441a4a,CPICORE-22JUL-T0.5,1,2022-07-31T23:25:00.352008Z,76,24,yes
464,eb93fc9a-eb83-45f7-9436-2a93a48a9e8d,CPICORE-22JUL-T0.5,6,2022-07-31T23:25:00.352008Z,77,23,yes
465,2ba1da8f-e512-4c29-832b-b67a4c6af86b,CPICORE-22JUL-T0.5,57,2022-07-31T23:25:00.352008Z,76,24,yes
466,f25fc548-467e-4f7e-a508-847699244c33,CPICORE-22JUL-T0.5,33,2022-07-29T17:13:53.046623Z,75,25,yes
467,c97ff737-98d9-49f0-bb80-16affa63adb8,CPICORE-22JUL-T0.5,17,2022-07-29T17:13:53.046623Z,76,24,yes
468,e8992beb-ee6b-4a20-8d1d-b02d4561f732,CPICORE-22JUL-T0.5,14,2022-07-25T16:04:25.512534Z,77,23,yes
469,e610d957-0343-4ed6-ab8f-d354072fd5be,CPICORE-22JUL-T0.5,29,2022-07-25T16:04:25.512534Z,76,24,yes
470,b15fc312-0a6a-4f9b-bbca-6e05ddb91719,CPICORE-22JUL-T0.5,81,2022-07-25T16:04:25.512534Z,76,24,yes
471,7462e637-885d-4f09-acb5-e40e016ace9b,CPICORE-22JUL-T0.5,33,2022-07-25T16:04:25.512534Z,75,25,yes
472,67156f1d-c02a-4380-b9ca-d5b358f3e331,CPICORE-22JUL-T0.5,70,2022-07-25T16:04:25.512534Z,77,23,yes
473,2784de09-0db2-469a-8f01-c910afbae7bd,CPICORE-22JUL-T0.5,23,2022-07-25T16:04:25.512534Z,75,25,yes
474,66a4cb38-7c9b-4e4c-b096-d79a7900311b,CPICORE-22JUL-T0.5,25,2022-07-24T23:54:42.943751Z,71,29,no
475,abb65ea7-740f-4f5a-a3ec-cf26a1b6b29e,CPICORE-22JUL-T0.5,37,2022-07-22T15:10:24.96146Z,75,25,yes
476,9d7455b7-fca3-46f5-b3b5-944efeda15e2,CPICORE-22JUL-T0.5,118,2022-07-22T15:10:24.96146Z,76,24,yes
477,4aab866b-1095-4da0-9848-e57fac63a2f5,CPICORE-22JUL-T0.5,16,2022-07-22T15:10:24.96146Z,75,25,yes
478,05c223ea-00de-4b2b-8047-bef47226b280,CPICORE-22JUL-T0.5,104,2022-07-22T15:10:24.96146Z,77,23,yes
479,b1f92931-6975-4dc3-8e41-1bec498bb39d,CPICORE-22JUL-T0.5,43,2022-07-20T18:53:10.297345Z,70,30,no
480,3d520480-fd18-4dac-b424-f8d8d94ea7de,CPICORE-22JUL-T0.5,7,2022-07-20T18:53:10.297345Z,70,30,no
481,da319f82-6154-41cd-933a-75f84626b216,CPICORE-22JUL-T0.5,82,2022-07-19T22:01:27.247576Z,75,25,yes
482,d74f5b41-1e41-4def-8c13-77a1b0bea88f,CPICORE-22JUL-T0.5,5,2022-07-19T22:01:27.247576Z,74,26,yes
483,78b503b5-d5e3-49b8-9224-b4b8f4415c4f,CPICORE-22JUL-T0.5,63,2022-07-19T22:01:27.247576Z,74,26,yes
484,e87e0e3f-3a21-4d8e-93f7-08898737c1b9,CPICORE-22JUL-T0.5,1,2022-07-19T20:00:08.29545Z,74,26,yes
485,85e6210d-d55b-402d-bfd1-1cf2516f021f,CPICORE-22JUL-T0.5,52,2022-07-19T18:00:42.556564Z,70,30,no
486,6963eee9-3c10-49bf-8def-53828bd7ddaa,CPICORE-22JUL-T0.5,48,2022-07-19T18:00:42.556564Z,69,31,no
487,9e0a295f-12bd-41da-9fa0-3f03fcd9abe6,CPICORE-22JUL-T0.5,50,2022-07-15T20:01:02.742803Z,70,30,no
488,cd418aaf-5e5e-4c09-9336-c22fb8392861,CPICORE-22JUL-T0.5,24,2022-07-15T12:58:26.240285Z,75,25,yes
489,ceb45390-764d-4629-b80c-1ce25a9ac5fd,CPICORE-22JUL-T0.5,99,2022-07-14T16:28:56.710293Z,70,30,no
490,bec86a35-9e5f-446a-b118-5fb21ee36379,CPICORE-22JUL-T0.5,102,2022-07-14T16:28:56.710293Z,71,29,no
491,32273749-d7f6-4703-819f-a3c59f916566,CPICORE-22JUL-T0.5,37,2022-07-14T16:28:56.710293Z,72,28,no
492,d031f904-8369-4123-b2bb-4cdafcd4ebab,CPICORE-22JUL-T0.5,3,2022-07-14T03:44:37.650063Z,72,28,yes
493,9211706e-55a5-4279-a4c8-4d52299c4ed9,CPICORE-22JUL-T0.5,109,2022-07-14T03:43:42.705294Z,72,28,no
494,90f11d60-3286-4508-99f3-e55438e71f92,CPICORE-22JUL-T0.5,33,2022-07-14T03:43:42.705294Z,73,27,no
495,e3961424-8286-47a1-9443-21571abd8e35,CPICORE-22JUL-T0.5,9,2022-07-13T20:19:03.863537Z,73,27,no
496,7fd95354-34ba-4e24-8df3-dd145bb09235,CPICORE-22JUL-T0.5,1,2022-07-13T18:14:01.621889Z,77,23,yes
497,cfae9af6-6e4d-4aba-a1aa-7640d477a6e7,CPICORE-22JUL-T0.5,114,2022-07-13T15:50:48.243287Z,73,27,no
498,aa6d88ae-b14b-4ce7-a682-bf50db6807d5,CPICORE-22JUL-T0.5,105,2022-07-13T15:50:48.243287Z,72,28,no
499,32c0fe58-2d27-4ea1-a020-bc157a3764d2,CPICORE-22JUL-T0.5,9,2022-07-13T15:50:48.243287Z,74,26,no
500,2b788fc6-dc2f-4e6c-98e4-28672dddfd0c,CPICORE-22JUL-T0.5,29,2022-07-13T15:09:40.100244Z,74,26,no
501,0ec63b9a-8f60-4405-8cdf-8ae2527acb2b,CPICORE-22JUL-T0.5,13,2022-07-13T15:09:40.100244Z,74,26,no
502,6dd60a41-3971-42f1-a70d-bb60e5dee882,CPICORE-22JUL-T0.5,8,2022-07-04T21:54:16.479569Z,31,69,yes
503,8cee442c-6de4-4865-836e-33112788ac40,CPICORE-22JUL-T0.5,5,2022-07-02T20:32:00.964284Z,32,68,yes
504,a01f9e97-dd12-47df-abac-2a18266b526e,CPICORE-22JUL-T0.5,37,2022-07-02T20:09:48.053934Z,31,69,yes
505,66d6a5d2-8b67-49ad-aaf9-dfb6c14ebeb6,CPICORE-22JUL-T0.6,5,2022-08-10T12:04:33.429477Z,34,66,no
506,54ac9b37-7f51-45cb-b52d-c5db5370ab41,CPICORE-22JUL-T0.6,1000,2022-08-10T03:36:16.812585Z,35,65,no
507,262cacf1-988a-4a2e-b04a-bbebaf32a25f,CPICORE-22JUL-T0.6,28,2022-08-10T03:36:16.812585Z,35,65,no
508,d0d6505e-92f1-4639-9fed-2d93114ce0b1,CPICORE-22JUL-T0.6,99,2022-08-10T01:15:07.497927Z,38,62,yes
509,6a72becc-b0cb-4c9d-bd75-c3c77008fe27,CPICORE-22JUL-T0.6,20,2022-08-10T01:15:07.497927Z,39,61,yes
510,653bd0e5-739e-4135-82a0-8ff8e6adfdab,CPICORE-22JUL-T0.6,36,2022-08-10T01:15:07.497927Z,39,61,yes
511,5065171d-6d17-4d96-9238-b277c0cc01b3,CPICORE-22JUL-T0.6,1,2022-08-09T18:21:03.005981Z,35,65,no
512,2af7bf0f-b554-4b1e-a6c1-54f894595daa,CPICORE-22JUL-T0.6,4,2022-08-09T18:21:03.005981Z,34,66,no
513,ef51c518-b145-40a9-9a90-b097cdb2cda7,CPICORE-22JUL-T0.6,35,2022-08-09T12:57:06.661915Z,35,65,no
514,c7dd74b8-ab96-4efa-82c4-876ea3dde632,CPICORE-22JUL-T0.6,25,2022-08-08T17:08:12.587904Z,40,60,yes
515,1ac0eb32-60c5-49a3-a8f0-93cd874f7a81,CPICORE-22JUL-T0.6,50,2022-08-07T16:20:50.980072Z,36,64,no
516,8748a30c-3e6b-47c3-857d-ac25768108c6,CPICORE-22JUL-T0.6,1,2022-08-06T17:44:01.295859Z,36,64,no
517,b8299fe7-6f96-4106-af8e-53a96d8600a0,CPICORE-22JUL-T0.6,8,2022-08-05T22:41:35.00446Z,33,67,no
518,cb8f2b1f-d4b6-4a68-9687-fcb92a94ec72,CPICORE-22JUL-T0.6,20,2022-08-05T14:13:10.205647Z,37,63,yes
519,b0bd647a-d82f-45eb-a550-e2e4bb1e5664,CPICORE-22JUL-T0.6,6,2022-08-04T12:01:19.753928Z,44,56,no
520,8bddb16d-4dc3-4bfa-a963-295c005352db,CPICORE-22JUL-T0.6,93,2022-08-04T12:01:19.691668Z,44,56,no
521,d6ba5275-8fba-4ef0-bb28-48a1c898d126,CPICORE-22JUL-T0.6,94,2022-08-02T19:42:00.285179Z,45,55,no
522,6d1bd74f-bdf4-4682-8847-9a85c6d2ca8d,CPICORE-22JUL-T0.6,16,2022-08-02T19:42:00.285179Z,46,54,no
523,13e487b4-7179-4657-ac0a-a3d0507e8db9,CPICORE-22JUL-T0.6,85,2022-08-02T19:42:00.285179Z,44,56,no
524,cb495603-eded-4fad-9636-c29d66b9677d,CPICORE-22JUL-T0.6,23,2022-08-01T22:49:57.23157Z,46,54,no
525,4e0e4cf9-81ed-49e2-8a96-997eca301dfe,CPICORE-22JUL-T0.6,11,2022-08-01T22:49:57.23157Z,46,54,no
526,5670eff6-fb6a-4767-aa68-3dd7f2a6b560,CPICORE-22JUL-T0.6,1,2022-07-28T16:18:43.331117Z,46,54,yes
527,f43a6ea5-e800-4dbe-b61e-9eb24bbbada6,CPICORE-22JUL-T0.6,4,2022-07-28T16:18:08.297371Z,46,54,no
528,c68fb06b-7631-4fbf-a5fa-887e42d90d7d,CPICORE-22JUL-T0.6,20,2022-07-27T14:50:05.45364Z,46,54,no
529,e6f2471b-eac9-4b91-978c-c12ff1d3b4de,CPICORE-22JUL-T0.6,34,2022-07-26T22:54:54.045985Z,45,55,no
530,712db23a-fe3d-4f0b-8791-e90d5698a22a,CPICORE-22JUL-T0.6,47,2022-07-26T22:54:54.045985Z,45,55,no
531,2c77c589-0e15-4c29-9adf-007a88b37396,CPICORE-22JUL-T0.6,76,2022-07-26T22:54:44.000813Z,46,54,no
532,2bc24fd7-9fec-4b30-8c50-0d9583a1fa68,CPICORE-22JUL-T0.6,6,2022-07-26T22:54:30.61501Z,47,53,no
533,7aac4953-224f-440f-a57e-5d6362e44bdd,CPICORE-22JUL-T0.6,1,2022-07-26T21:18:28.670783Z,47,53,no
534,e8db726a-f114-47ff-b4cd-14efe6eb0549,CPICORE-22JUL-T0.6,18,2022-07-25T16:04:05.840373Z,51,49,yes
535,21866a6f-073b-4773-ad45-9368173e06fc,CPICORE-22JUL-T0.6,33,2022-07-25T16:04:05.840373Z,52,48,yes
536,c0ef8ef5-aaeb-4fd3-84e0-03e11e1e37c0,CPICORE-22JUL-T0.6,83,2022-07-21T01:44:49.594739Z,51,49,yes
537,9bc0340a-ce70-4104-becc-8a7782d03028,CPICORE-22JUL-T0.6,12,2022-07-21T01:44:49.594739Z,50,50,yes
538,edf5c1b8-4d4d-4879-84b0-4405fb639cf0,CPICORE-22JUL-T0.6,50,2022-07-19T18:01:06.919004Z,45,55,no
539,4d5c98f2-1b96-48c2-8cd4-6e74a4596ffb,CPICORE-22JUL-T0.6,1,2022-07-19T18:00:58.737189Z,45,55,no
540,e9d76439-4c6e-4095-b6ec-f68112151fe5,CPICORE-22JUL-T0.6,16,2022-07-15T16:52:54.895609Z,46,54,no
541,0ebca87b-ab6e-48c5-b967-d67111912d86,CPICORE-22JUL-T0.6,34,2022-07-15T16:52:54.895609Z,46,54,no
542,f92e0703-e1a1-435e-b376-4efeeefcf4cd,CPICORE-22JUL-T0.6,55,2022-07-15T14:11:50.014908Z,46,54,no
543,cca2a6b5-d626-4563-b47b-505ba423bf1b,CPICORE-22JUL-T0.6,13,2022-07-15T14:11:50.014908Z,47,53,no
544,230140db-49a2-4822-991a-8d520ad896b1,CPICORE-22JUL-T0.6,32,2022-07-15T14:11:50.014908Z,47,53,no
545,62a4486a-c3be-4325-a837-73d76cde5ae3,CPICORE-22JUL-T0.6,1,2022-07-13T17:19:18.907977Z,52,48,yes
546,e77d47d7-cd6e-442e-8312-88268a7f2c42,CPICORE-22JUL-T0.6,88,2022-07-13T15:51:35.858377Z,47,53,no
547,6f49bbcb-a367-4e32-8a05-732f08679ea8,CPICORE-22JUL-T0.6,50,2022-07-13T15:51:35.858377Z,48,52,no
548,0563fdba-4b7c-483e-9b0c-fb9697578bed,CPICORE-22JUL-T0.6,85,2022-07-13T15:51:35.858377Z,46,54,no
549,1b4f8d4e-153d-4d87-b198-ea6f24c648a9,CPICORE-22JUL-T0.6,50,2022-07-02T20:32:27.751154Z,14,86,yes
550,7f3d32b5-e164-4ee5-a4ce-dda3cffc53f5,CPICORE-22JUL-T0.7,150,2022-08-10T03:10:56.826908Z,12,88,no
551,d66e1a74-3cc3-4153-9eb8-0b09ba197da8,CPICORE-22JUL-T0.7,6,2022-08-10T02:16:33.097127Z,12,88,no
552,95b33938-4dff-463d-acff-c3c68e8b6d48,CPICORE-22JUL-T0.7,10,2022-08-10T02:04:39.005483Z,13,87,yes
553,c8686153-4d45-441d-8b5a-132ef16f1fa1,CPICORE-22JUL-T0.7,5,2022-08-10T02:01:07.945835Z,13,87,yes
554,f22f5e4a-8a72-4aef-b6df-555916ab9f7f,CPICORE-22JUL-T0.7,2,2022-08-10T01:57:26.631299Z,13,87,no
555,f12f544f-02a3-4466-be74-b71ffb6b1a3c,CPICORE-22JUL-T0.7,15,2022-08-09T19:31:40.385324Z,15,85,yes
556,12160136-acff-41f8-b83f-8f5ad3006603,CPICORE-22JUL-T0.7,88,2022-08-07T16:22:53.083034Z,15,85,no
557,048dbe54-d223-44a3-a747-e5a617d6203b,CPICORE-22JUL-T0.7,25,2022-08-05T21:34:52.87004Z,15,85,no
558,591c0fae-b2c8-4b12-92e5-2a5e1912fa09,CPICORE-22JUL-T0.7,19,2022-08-05T18:44:36.559224Z,15,85,no
559,848fbb84-9239-4968-9392-4bde1e6f1474,CPICORE-22JUL-T0.7,36,2022-08-05T15:14:37.434348Z,15,85,no
560,ac34c7a0-0386-4024-8779-a347f0a74db0,CPICORE-22JUL-T0.7,18,2022-08-05T15:06:36.424916Z,15,85,yes
561,595b325a-6308-45e4-a704-38ecb2491226,CPICORE-22JUL-T0.7,64,2022-08-05T15:06:36.424916Z,15,85,yes
562,99dcc552-ee1b-46ec-82b1-e1a3c80ceb45,CPICORE-22JUL-T0.7,129,2022-08-03T18:52:54.225781Z,20,80,no
563,63ebd6d9-f000-4174-9c64-86a90819f37b,CPICORE-22JUL-T0.7,139,2022-08-03T18:52:54.225781Z,19,81,no
564,60941361-d48c-4fe7-b52d-8c5e2cb86cd2,CPICORE-22JUL-T0.7,11,2022-08-01T17:36:37.050056Z,22,78,no
565,69617b03-7b34-43f5-b417-8d5bfc0c60de,CPICORE-22JUL-T0.7,20,2022-07-29T13:37:35.789779Z,24,76,yes
566,55d07965-42d2-4e1b-82b3-5caaefb6f1bd,CPICORE-22JUL-T0.7,15,2022-07-28T16:17:56.872864Z,23,77,no
567,ec1e364b-15ac-43bd-b671-9be5910f35cc,CPICORE-22JUL-T0.7,44,2022-07-26T01:52:09.395814Z,24,76,no
568,6dd26d1e-dd7e-4079-b3ba-74dc1950cba2,CPICORE-22JUL-T0.7,6,2022-07-26T01:52:09.395814Z,24,76,no
569,c702ec5f-f4ef-4891-99b8-42713d76d51c,CPICORE-22JUL-T0.7,5,2022-07-26T01:40:46.816939Z,25,75,yes
570,29d5eeee-8e02-47b6-8a78-36aa24a87432,CPICORE-22JUL-T0.7,5,2022-07-14T20:03:20.650574Z,24,76,no
571,4c3d66c2-c744-41c6-bdc8-ae402df92deb,CPICORE-22JUL-T0.7,104,2022-07-14T15:17:32.253428Z,29,71,yes
572,15b36c1c-3ae5-4609-a199-ceb7d518690c,CPICORE-22JUL-T0.7,84,2022-07-14T15:17:32.253428Z,28,72,yes
573,0abac184-9cf1-44a0-b1b1-db1b17503bdb,CPICORE-22JUL-T0.7,62,2022-07-14T15:17:32.253428Z,30,70,yes
574,f4a5e2e6-5755-4f06-bfc7-b73d58436d66,CPICORE-22JUL-T0.7,91,2022-07-14T03:43:27.298465Z,27,73,yes
575,b901bb6c-9dbb-4630-b003-920cf4e9d266,CPICORE-22JUL-T0.7,21,2022-07-14T03:43:27.298465Z,27,73,yes
576,7ba96131-83ba-44ce-81d2-89cb8943b605,CPICORE-22JUL-T0.7,42,2022-07-14T03:43:27.298465Z,26,74,yes
577,9276900a-f317-4b69-b2e3-4e92ddc069c1,CPICORE-22JUL-T0.7,50,2022-07-02T20:32:33.611476Z,7,93,yes
578,da267103-afe1-4857-8b5d-9126839a5599,CPICORE-22JUL-T0.8,404,2022-08-10T03:37:39.420553Z,4,96,no
579,b23d492a-0f24-4d37-a54d-ac656b483626,CPICORE-22JUL-T0.8,37,2022-08-10T03:37:39.420553Z,4,96,no
580,3ea60fc6-20e0-4b16-9846-33d50a9808e4,CPICORE-22JUL-T0.8,2,2022-08-10T02:01:07.965372Z,5,95,yes
581,aecc5d8d-cc5b-4267-9de2-89962d55ef47,CPICORE-22JUL-T0.8,50,2022-08-09T15:11:29.947442Z,5,95,no
582,c7c5c9ec-0c9a-4513-8ae7-1b13de85b73e,CPICORE-22JUL-T0.8,12,2022-08-08T19:23:28.711853Z,5,95,no
583,a1a1d1c0-f7d5-4527-a030-edb549d85fa7,CPICORE-22JUL-T0.8,38,2022-08-08T19:23:28.711853Z,5,95,no
584,8a5c7cda-7b33-40ca-b967-a86691f2b1f1,CPICORE-22JUL-T0.8,20,2022-08-03T00:16:18.257735Z,9,91,no
585,dfc04d1f-d827-4ed7-acd7-ed4635be287a,CPICORE-22JUL-T0.8,57,2022-08-02T16:19:04.720388Z,11,89,yes
586,f4205beb-d8be-4743-a2da-7341048beba7,CPICORE-22JUL-T0.8,70,2022-07-29T15:51:51.087928Z,12,88,yes
587,7e7e472f-4abd-434b-8e54-6dfeb48508db,CPICORE-22JUL-T0.8,239,2022-07-29T00:37:22.74477Z,9,91,no
588,8ce32c12-68c8-44f1-b22b-5578568ce4c8,CPICORE-22JUL-T0.8,89,2022-07-29T00:36:45.60996Z,10,90,no
589,4767cf4e-57f0-496a-a0b7-70dbde8e4d73,CPICORE-22JUL-T0.8,25,2022-07-28T16:17:22.842489Z,10,90,no
590,0485e0a3-7a25-426d-be56-663010d38850,CPICORE-22JUL-T0.8,100,2022-07-27T21:45:10.932322Z,10,90,no
591,99f8a342-fdc1-4777-9e3d-e20b5458ea5c,CPICORE-22JUL-T0.8,50,2022-07-20T03:36:20.828552Z,14,86,yes
592,66ddc5d7-57ad-42d6-86b2-de7404e84241,CPICORE-22JUL-T0.8,50,2022-07-20T03:36:20.828552Z,13,87,yes
593,b8c3bdce-315b-4a36-bbc2-6bf9e5eb58e9,CPICORE-22JUL-T0.8,50,2022-07-18T13:52:47.51516Z,10,90,no
594,df65182f-a108-4238-a1c8-f62279ac83b4,CPICORE-22JUL-T0.8,100,2022-07-15T14:14:06.610382Z,11,89,no
595,f20b41eb-6e15-4755-99a6-9a72b1a2d78c,CPICORE-22JUL-T0.8,176,2022-07-14T15:17:20.051406Z,14,86,yes
596,00ebf86a-380c-4286-ac69-89d7c8e86b49,CPICORE-22JUL-T0.8,48,2022-07-14T15:17:20.051406Z,15,85,yes
597,3501c08b-5b5f-4c8a-8a0f-3a1ffd70b35c,CPICORE-22JUL-T0.8,149,2022-07-14T03:43:37.965091Z,13,87,no
598,96cc57e8-1aa2-4d85-925d-60070749b4d9,CPICORE-22JUL-T0.8,191,2022-07-14T03:42:41.554932Z,13,87,yes
599,0ef88ac4-f177-44ac-a8c2-7b3a49bbbb00,CPICORE-22JUL-T0.8,51,2022-07-14T03:42:41.554932Z,12,88,yes
600,021f5dbd-a90b-4aac-a07f-3ef82623214f,CPICORE-22JUL-T0.8,135,2022-07-14T03:42:41.554932Z,12,88,yes
601,4f6773dc-1a0c-45d6-a879-b3ee0eef063b,CPICORE-22JUL-T0.8,50,2022-07-02T20:32:39.375481Z,4,96,yes
602,762722ba-f8fd-4f1f-87ba-cbed0a17ab4e,CPICORE-22AUG-T0.0,50,2022-09-13T12:20:39.235568Z,95,5,yes
603,87effa53-a317-46b4-a6df-1f92c19f455c,CPICORE-22AUG-T0.0,25,2022-09-12T21:19:23.567434Z,95,5,yes
604,d99df989-917b-4d23-9ab1-f7e53f8137be,CPICORE-22AUG-T0.0,176,2022-09-11T20:55:20.476874Z,93,7,no
605,b55a41a2-42c8-4699-b94d-c5b9bac661d9,CPICORE-22AUG-T0.0,88,2022-09-11T20:55:20.476874Z,93,7,no
606,f66ef3f7-f43b-4e2f-8c59-0edc15dc3f8c,CPICORE-22AUG-T0.0,334,2022-09-11T20:54:07.555133Z,94,6,yes
607,56f15e8f-d196-4dd5-bef5-d70d5cf80d13,CPICORE-22AUG-T0.0,266,2022-09-11T18:07:09.522554Z,94,6,no
608,3bcde86a-53f8-47ac-a2c1-fae03206d538,CPICORE-22AUG-T0.0,25,2022-09-10T22:10:06.747083Z,95,5,no
609,6f5e0bb1-604e-47c9-8fc1-40cb3f80c74f,CPICORE-22AUG-T0.0,5,2022-09-09T18:05:22.953858Z,96,4,yes
610,b187bade-c16e-4bbe-8b22-25e76b41ab4d,CPICORE-22AUG-T0.0,7,2022-09-08T12:03:35.092453Z,94,6,no
611,978932b2-35da-48e8-aa30-8c4017733eaf,CPICORE-22AUG-T0.0,212,2022-09-08T12:00:42.848627Z,95,5,no
612,1df700b8-7dff-47a0-9b31-dbe1ee13aa7b,CPICORE-22AUG-T0.0,25,2022-09-08T12:00:42.848627Z,95,5,no
613,d2d0b7e4-fa9e-4310-89a3-eb9a794dfd22,CPICORE-22AUG-T0.0,50,2022-09-04T16:04:34.663767Z,95,5,no
614,09de3d9c-7dbc-488d-8a82-9967f1fcb526,CPICORE-22AUG-T0.0,5,2022-09-02T15:49:14.343896Z,96,4,no
615,f005ba39-46fa-495d-a6c6-7d6ce9badb79,CPICORE-22AUG-T0.0,117,2022-09-02T13:39:56.227558Z,96,4,no
616,1edaafec-d8d6-46c6-aa94-ad03520dc199,CPICORE-22AUG-T0.0,192,2022-08-31T21:08:59.574587Z,94,6,yes
617,249d7244-81d7-4714-8ce5-61ce7e616828,CPICORE-22AUG-T0.0,169,2022-08-31T21:08:54.838292Z,93,7,yes
618,a6ec45c0-696c-4ed5-911f-7185dce23890,CPICORE-22AUG-T0.0,143,2022-08-31T21:08:47.994395Z,92,8,yes
619,5841337a-bf39-4aa4-884c-3dc9867cfccf,CPICORE-22AUG-T0.0,10,2022-08-31T20:35:08.094758Z,92,8,yes
620,3b519b71-8b29-4059-acdd-b62e7af3a437,CPICORE-22AUG-T0.0,104,2022-08-31T17:04:05.623364Z,91,9,yes
621,ed63f896-2c9a-46d6-8f21-ea6a517b3019,CPICORE-22AUG-T0.0,59,2022-08-31T14:02:44.622983Z,90,10,no
622,b5f8b402-9777-4885-9a13-d151dde01d59,CPICORE-22AUG-T0.0,21,2022-08-31T14:02:44.622983Z,90,10,no
623,3e560928-91fd-42fe-b707-ca8b3c91c18a,CPICORE-22AUG-T0.0,14,2022-08-30T21:44:26.247511Z,91,9,yes
624,d1967581-6a1d-4823-8c13-d6ab1a85a5b9,CPICORE-22AUG-T0.0,169,2022-08-30T16:56:17.14752Z,90,10,yes
625,b8da9111-5921-49ff-8bbd-719b01b7343f,CPICORE-22AUG-T0.0,11,2022-08-30T14:21:11.927339Z,88,12,yes
626,3a45e574-d036-412a-8894-6a68b7783d30,CPICORE-22AUG-T0.0,69,2022-08-30T14:21:11.927339Z,88,12,yes
627,73f0741e-b877-487c-a519-b0e8b531dbf0,CPICORE-22AUG-T0.0,6,2022-08-29T15:14:28.708954Z,88,12,no
628,5f598cde-5890-48c6-bd2c-b3dceff4c0dd,CPICORE-22AUG-T0.0,26,2022-08-29T15:14:28.708954Z,85,15,no
629,086c150b-d613-4f05-96dd-bbd07cc8de52,CPICORE-22AUG-T0.0,19,2022-08-29T15:05:16.054887Z,88,12,yes
630,d2e53908-f223-4da0-8b1f-5a52ef6280a1,CPICORE-22AUG-T0.0,12,2022-08-28T23:43:09.340208Z,85,15,no
631,a02aa0cf-3e37-48e6-9d39-c1150e6a06c5,CPICORE-22AUG-T0.0,12,2022-08-28T23:37:05.589995Z,84,16,yes
632,b689b79e-2e5b-4aff-baca-a85be633601d,CPICORE-22AUG-T0.0,38,2022-08-28T20:51:42.15984Z,84,16,no
633,e20af008-7ba5-4689-99cb-e452bd332fb1,CPICORE-22AUG-T0.0,122,2022-08-28T00:54:12.626404Z,85,15,yes
634,850cb200-9088-4421-8c10-df7c84020b0b,CPICORE-22AUG-T0.0,10,2022-08-26T18:58:08.787403Z,84,16,yes
635,d0f0b992-3e0c-4424-9d0b-b1ad5fb0ed50,CPICORE-22AUG-T0.0,2,2022-08-26T14:56:57.697578Z,84,16,yes
636,e8b2da3b-e71a-4c56-80ac-af330b177bef,CPICORE-22AUG-T0.0,2,2022-08-26T13:53:26.490773Z,85,15,yes
637,986934d9-2e55-44da-bd85-6aadd5f03522,CPICORE-22AUG-T0.0,79,2022-08-26T13:53:10.492478Z,84,16,yes
638,d5e399fc-b756-4cea-b7a5-2b9a69c5d187,CPICORE-22AUG-T0.0,18,2022-08-26T13:52:53.567102Z,83,17,yes
639,c74b8296-cbb3-4f8a-bc01-0a0828cd2de6,CPICORE-22AUG-T0.0,94,2022-08-26T13:52:28.240639Z,84,16,yes
640,7c0151a1-e539-480f-b62f-a94490b852d3,CPICORE-22AUG-T0.0,34,2022-08-26T13:49:28.301444Z,83,17,yes
641,5517860d-fc23-4766-9e55-ae66393a6fd1,CPICORE-22AUG-T0.0,9,2022-08-26T12:49:50.723939Z,86,14,no
642,9450ab44-27ff-4303-b9c5-cea942215c23,CPICORE-22AUG-T0.0,25,2022-08-26T12:49:50.709018Z,88,12,no
643,2944efa3-0686-4ed2-a9eb-b3ed3099b933,CPICORE-22AUG-T0.0,16,2022-08-26T12:49:50.709018Z,86,14,no
644,1221b504-ba9e-48d8-be65-993b090b4973,CPICORE-22AUG-T0.0,50,2022-08-26T12:49:50.709018Z,89,11,no
645,c7e533a2-bc8f-440f-b278-7ad3c7635cc9,CPICORE-22AUG-T0.0,1,2022-08-25T01:41:01.072807Z,92,8,yes
646,86a7e2b9-48de-474e-a505-692a2668282a,CPICORE-22AUG-T0.0,570,2022-08-24T15:59:24.790015Z,89,11,yes
647,408b0d3e-0617-4768-b1ad-33009f07a765,CPICORE-22AUG-T0.0,5,2022-08-23T19:23:34.928547Z,89,11,yes
648,b78fbb37-7936-448f-aace-5b76ee97b8a6,CPICORE-22AUG-T0.0,150,2022-08-23T15:18:04.028295Z,89,11,yes
649,9dacfffe-feb5-4056-a3ce-8e474928eed8,CPICORE-22AUG-T0.0,8,2022-08-23T12:46:36.471664Z,89,11,yes
650,5bb7ecda-901c-4a8f-be68-9c6957882ae6,CPICORE-22AUG-T0.0,50,2022-08-22T14:41:13.907503Z,89,11,yes
651,b690461f-f8fd-4c4c-8a3f-37cfb4aaa654,CPICORE-22AUG-T0.0,6,2022-08-21T19:21:43.647382Z,89,11,yes
652,2f09342a-d3b1-4ffd-a011-37927f90d2c4,CPICORE-22AUG-T0.0,11,2022-08-21T19:20:57.721742Z,89,11,no
653,7a9998f4-ed02-43e4-9984-fc73ec44d84d,CPICORE-22AUG-T0.0,50,2022-08-19T21:46:30.18064Z,90,10,no
654,a246bb39-ad4d-47b9-b546-b6084b5c3590,CPICORE-22AUG-T0.0,50,2022-08-19T19:38:56.299456Z,91,9,no
655,4efaeadc-0f56-409c-8e10-4918b217b8de,CPICORE-22AUG-T0.0,50,2022-08-19T16:23:05.837428Z,92,8,no
656,a6102878-a660-4172-93f9-19e01590055f,CPICORE-22AUG-T0.0,1,2022-08-13T20:45:46.472651Z,94,6,yes
657,9aae435b-c26b-4637-9d5b-c9d7768334e0,CPICORE-22AUG-T0.0,168,2022-08-10T14:00:03.489429Z,91,9,no
658,0dab8575-324b-4d1b-95ff-025a1db9e15a,CPICORE-22AUG-T0.0,60,2022-08-10T13:59:49.552936Z,92,8,no
659,0bcf0ad5-f3fd-48fd-8959-41385958ae78,CPICORE-22AUG-T0.1,40,2022-09-13T12:22:05.745143Z,87,13,yes
660,9bbb4357-76cf-47d0-bfee-b85ce45b5d7c,CPICORE-22AUG-T0.1,10,2022-09-13T12:21:01.912223Z,87,13,yes
661,06d50353-2b4a-4a81-a78c-9f552e1a617b,CPICORE-22AUG-T0.1,60,2022-09-13T03:30:19.235419Z,86,14,yes
662,8fab3127-e625-49ce-9fd0-49c35c5f7e3a,CPICORE-22AUG-T0.1,10,2022-09-13T02:27:56.737369Z,86,14,no
663,9314c859-50d1-4261-97be-acc025388561,CPICORE-22AUG-T0.1,56,2022-09-12T02:30:07.805199Z,86,14,no
664,496ecbe8-ab1b-4852-9e61-5e7185305c4b,CPICORE-22AUG-T0.1,144,2022-09-12T02:30:07.805199Z,86,14,no
665,18940d16-998c-4312-a496-af39eff19563,CPICORE-22AUG-T0.1,13,2022-09-11T21:16:30.295241Z,89,11,yes
666,e1257e89-dce9-43b3-83aa-60479e5173e3,CPICORE-22AUG-T0.1,20,2022-09-11T18:44:52.519134Z,89,11,yes
667,e8878f7b-9575-4b2c-a992-9053247cf8e5,CPICORE-22AUG-T0.1,15,2022-09-11T18:07:18.93831Z,89,11,no
668,992d3253-8d8d-4c4f-bd3f-e9f9c6afc38d,CPICORE-22AUG-T0.1,5,2022-09-10T15:40:36.91968Z,91,9,yes
669,fd7f7e9f-aee4-40c7-afb2-a4d0fa0b56d7,CPICORE-22AUG-T0.1,49,2022-09-08T12:50:41.172147Z,89,11,no
670,4ca6582c-2558-4314-9d09-c76dfdb1f2f8,CPICORE-22AUG-T0.1,91,2022-09-08T12:00:53.702755Z,90,10,no
671,ff0d25f6-b773-42e0-9056-5e582490451b,CPICORE-22AUG-T0.1,5,2022-09-07T02:26:59.655233Z,90,10,no
672,6438f8bc-e922-4471-9002-710aa445e191,CPICORE-22AUG-T0.1,20,2022-09-04T16:04:51.412076Z,90,10,no
673,f4a217a3-8eb1-4445-a576-68988e17ce9c,CPICORE-22AUG-T0.1,3,2022-09-03T03:29:53.889475Z,93,7,yes
674,673aed15-73df-4d9a-af26-31c6a8cc5808,CPICORE-22AUG-T0.1,5,2022-09-02T20:25:53.842874Z,93,7,yes
675,f4c8cc3c-fada-4977-8688-fd8bfd2b5d95,CPICORE-22AUG-T0.1,112,2022-09-02T16:08:30.76773Z,91,9,no
676,5fd1db4f-e3b9-4875-95a4-9d0d88c6e104,CPICORE-22AUG-T0.1,55,2022-09-02T16:08:30.76773Z,90,10,no
677,47d06e7a-e3f9-4195-ab2a-87b31ad116b0,CPICORE-22AUG-T0.1,10,2022-09-02T16:08:30.76773Z,92,8,no
678,1941180f-17f7-45c5-be50-806637360325,CPICORE-22AUG-T0.1,23,2022-09-02T16:08:30.76773Z,90,10,no
679,c7a3af9d-f7ed-4f35-a5a7-271f34c614c8,CPICORE-22AUG-T0.1,104,2022-08-31T21:09:52.081993Z,88,12,yes
680,15813a10-5ed6-4736-a339-8a57ac5548f0,CPICORE-22AUG-T0.1,23,2022-08-31T21:09:52.081993Z,88,12,yes
681,a9ee3ab0-827d-4e83-ae30-452f0ec5750a,CPICORE-22AUG-T0.1,191,2022-08-31T21:09:11.08723Z,86,14,yes
682,e7860acc-540e-4519-92f7-ed54884da137,CPICORE-22AUG-T0.1,8,2022-08-31T20:35:23.654706Z,85,15,yes
683,b81f69a0-e236-445a-99b2-a0f990d7d4e0,CPICORE-22AUG-T0.1,2,2022-08-31T18:27:17.976072Z,85,15,yes
684,860c6b5c-f02a-421b-aae0-f77b76dd144f,CPICORE-22AUG-T0.1,86,2022-08-30T21:43:53.386458Z,84,16,yes
685,84c9e346-cd8a-4805-a44e-d9cf3fcdfa3b,CPICORE-22AUG-T0.1,135,2022-08-30T21:43:53.386458Z,84,16,yes
686,ca583823-c378-466a-8a88-c4e4851fe7bb,CPICORE-22AUG-T0.1,58,2022-08-30T21:43:44.478439Z,83,17,yes
687,0bfd285a-ac8c-45e5-b32a-cf0f49266637,CPICORE-22AUG-T0.1,44,2022-08-30T12:36:07.027318Z,80,20,no
688,b01c0d62-e17a-4985-b3b7-3133d75eadb2,CPICORE-22AUG-T0.1,56,2022-08-30T12:33:51.335475Z,80,20,no
689,b8f04b47-1607-419c-873a-5152f618906b,CPICORE-22AUG-T0.1,17,2022-08-28T23:39:47.8797Z,76,24,yes
690,727a5660-10e5-4549-9cc2-7609cf8a56d3,CPICORE-22AUG-T0.1,33,2022-08-28T20:51:20.351306Z,76,24,no
691,34366f01-86dc-4ffa-a450-ae6996e61634,CPICORE-22AUG-T0.1,117,2022-08-28T00:59:46.129793Z,80,20,no
692,d505752b-47b2-46f9-aafd-c707036f9c28,CPICORE-22AUG-T0.1,6,2022-08-28T00:59:45.944649Z,80,20,no
693,a3ac8bfa-5899-45c9-8515-36735019655a,CPICORE-22AUG-T0.1,126,2022-08-28T00:58:38.025427Z,78,22,yes
694,60ce02f9-e6c2-4937-a768-9f93bc964885,CPICORE-22AUG-T0.1,129,2022-08-28T00:58:38.025427Z,79,21,yes
695,5a66e5e3-108b-4f1a-8971-ea8c51658bda,CPICORE-22AUG-T0.1,122,2022-08-28T00:58:38.025427Z,77,23,yes
696,f1d7c08c-1a76-4ba3-ac3e-c7438e0de1fa,CPICORE-22AUG-T0.1,27,2022-08-27T15:20:56.588302Z,76,24,yes
697,83e1d4bd-9b48-4fd0-b330-0b5ccd0801df,CPICORE-22AUG-T0.1,17,2022-08-27T15:20:56.588302Z,75,25,yes
698,510f76ad-40b5-4bae-8520-554696cb26c8,CPICORE-22AUG-T0.1,5,2022-08-27T15:20:56.588302Z,75,25,yes
699,890b356a-e6b8-4f4d-8e21-1e9dcbc33fd2,CPICORE-22AUG-T0.1,4,2022-08-26T15:32:36.796249Z,75,25,yes
700,a80f4176-2f92-434c-9df8-a5df3ed14859,CPICORE-22AUG-T0.1,15,2022-08-26T14:57:19.762337Z,75,25,yes
701,0109d95b-97f8-46a3-9731-704bd6659a08,CPICORE-22AUG-T0.1,58,2022-08-26T13:52:43.914583Z,75,25,yes
702,17568e95-ad76-45cc-9a68-5c1998c380cc,CPICORE-22AUG-T0.1,42,2022-08-26T13:49:37.159388Z,74,26,yes
703,79b36de2-df03-4f8b-b720-989cb2de8189,CPICORE-22AUG-T0.1,67,2022-08-26T12:52:42.224483Z,80,20,no
704,decbb1da-c194-48ad-b666-638b58e461d9,CPICORE-22AUG-T0.1,8,2022-08-26T12:51:39.070211Z,80,20,no
705,3b1ce6e1-672f-4681-95a1-cef93dc25f87,CPICORE-22AUG-T0.1,58,2022-08-26T12:51:39.070211Z,82,18,no
706,8f2d9025-7660-4d8f-aa4d-4b723d9ad1a9,CPICORE-22AUG-T0.1,17,2022-08-26T12:51:39.026458Z,82,18,no
707,6b2873f0-b6c8-44f7-bfbb-620ce9977263,CPICORE-22AUG-T0.1,10,2022-08-26T12:51:39.026458Z,83,17,no
708,db8694cf-ea78-488f-b69d-fcdc6935920c,CPICORE-22AUG-T0.1,65,2022-08-26T12:51:38.997878Z,83,17,no
709,a32b2f6f-de65-4eb9-bc82-dc64572e20fb,CPICORE-22AUG-T0.1,56,2022-08-24T15:21:09.546709Z,84,16,yes
710,da24de9f-67a2-438a-bef1-a3263642b51a,CPICORE-22AUG-T0.1,100,2022-08-24T13:30:38.805248Z,84,16,yes
711,6cb985ee-eca3-41ea-ba3d-c62cb61176b1,CPICORE-22AUG-T0.1,100,2022-08-24T12:17:28.412768Z,84,16,yes
712,a8587f64-1429-4b84-99ff-13fdff8e0c2d,CPICORE-22AUG-T0.1,100,2022-08-23T15:18:36.194426Z,84,16,yes
713,6efa24aa-0afd-4276-923c-244ea0cfb99a,CPICORE-22AUG-T0.1,9,2022-08-23T12:46:35.195715Z,84,16,yes
714,4d214fc3-08bc-4bfe-a9c3-56abe454ed83,CPICORE-22AUG-T0.1,50,2022-08-22T14:41:35.987454Z,84,16,yes
715,9bb2c92c-3db1-42a5-bcb0-f5e8f1ff290c,CPICORE-22AUG-T0.1,1,2022-08-21T19:21:41.833442Z,84,16,yes
716,5ec205df-29aa-4f9d-8a6b-913606c28c59,CPICORE-22AUG-T0.1,49,2022-08-21T19:21:05.774462Z,84,16,no
717,5ed5f671-d452-40d6-af05-a49f54e976c6,CPICORE-22AUG-T0.1,50,2022-08-20T18:44:48.443875Z,84,16,no
718,0e90abda-cc5e-434e-8b8a-1f71737572ea,CPICORE-22AUG-T0.1,4,2022-08-20T18:44:41.740033Z,85,15,no
719,2da7c3ba-79d2-4b48-87c1-0f313de19cbb,CPICORE-22AUG-T0.1,100,2022-08-19T22:40:39.615787Z,85,15,no
720,7d6bafc9-5232-46da-b9c3-900e55e89bd3,CPICORE-22AUG-T0.1,2,2022-08-19T22:40:32.227937Z,86,14,no
721,8a6de18a-5f09-44a9-8308-3690cf3dee3e,CPICORE-22AUG-T0.1,50,2022-08-19T19:18:30.477968Z,87,13,yes
722,a97bbb1e-1c3d-4488-b55a-60efce0e84e1,CPICORE-22AUG-T0.1,50,2022-08-19T16:25:00.588565Z,88,12,no
723,c7c9be22-485b-4acd-8431-af9a94aacb83,CPICORE-22AUG-T0.1,7,2022-08-12T14:22:12.497152Z,90,10,yes
724,d1586c33-d1e5-402c-8a77-06a26fba776b,CPICORE-22AUG-T0.1,100,2022-08-10T14:00:23.843099Z,87,13,no
725,dd0ed2af-86c6-4885-87af-f77ea499da13,CPICORE-22AUG-T0.2,20,2022-09-13T12:11:25.077791Z,67,33,no
726,d5d2db7e-2797-4584-8cb9-586c8d788b29,CPICORE-22AUG-T0.2,55,2022-09-13T01:12:57.087353Z,68,32,yes
727,86da95bd-25f1-4e08-9421-09e65fecd950,CPICORE-22AUG-T0.2,25,2022-09-12T21:47:08.63174Z,68,32,yes
728,67607c5e-2a9d-4ce6-922d-cfe2226f4853,CPICORE-22AUG-T0.2,20,2022-09-12T18:15:33.587292Z,66,34,no
729,7beb1df7-41db-482c-a5aa-1a2cb3b1e91b,CPICORE-22AUG-T0.2,135,2022-09-12T16:34:47.598064Z,65,35,yes
730,2ed23a4d-052e-4c96-96be-6b14540854ed,CPICORE-22AUG-T0.2,1,2022-09-12T16:09:02.251374Z,65,35,yes
731,5ff60b05-bf95-4e16-83de-491d0f12178a,CPICORE-22AUG-T0.2,5,2022-09-12T16:02:24.659189Z,61,39,no
732,cd9e025a-67a2-4321-b5ab-ee37cfdd2917,CPICORE-22AUG-T0.2,10,2022-09-12T15:00:13.888409Z,60,40,no
733,6817c77f-9c39-4f9d-85c3-bbb4e704856a,CPICORE-22AUG-T0.2,8,2022-09-12T14:05:38.103312Z,63,37,no
734,11c4c539-16e8-407c-8c7c-f43872049444,CPICORE-22AUG-T0.2,62,2022-09-12T14:05:38.103312Z,61,39,no
735,b78b212b-6433-49b7-af11-1b7f2e257d0d,CPICORE-22AUG-T0.2,130,2022-09-12T14:05:30.698788Z,63,37,no
736,b56387e6-985b-43c6-955a-753e66d6fcf3,CPICORE-22AUG-T0.2,10,2022-09-12T14:05:02.204114Z,63,37,no
737,bb10e2bf-4f1b-4f87-b82d-c6304215a8c5,CPICORE-22AUG-T0.2,164,2022-09-12T14:03:40.516626Z,65,35,no
738,88a876b2-729b-447d-9827-0485f8e074f8,CPICORE-22AUG-T0.2,20,2022-09-11T14:55:30.089968Z,71,29,yes
739,4c211283-3972-4065-87ad-9c5229449deb,CPICORE-22AUG-T0.2,99,2022-09-10T21:31:45.993024Z,71,29,no
740,43c8b7af-c754-4b99-aa01-79f07d4419b8,CPICORE-22AUG-T0.2,10,2022-09-10T15:18:09.437994Z,72,28,yes
741,86c281c1-7e2f-4c54-b296-5806cec8fa0e,CPICORE-22AUG-T0.2,1,2022-09-10T12:19:08.97248Z,72,28,yes
742,fbaaec90-d277-4c17-8456-7d498f321af8,CPICORE-22AUG-T0.2,20,2022-09-09T16:18:02.988049Z,73,27,yes
743,7c458efb-dedf-4d1e-9205-6f2f808b5ba2,CPICORE-22AUG-T0.2,6,2022-09-09T16:18:02.988049Z,73,27,yes
744,e3035e3b-c7ff-4ac5-88ca-d9e70e494488,CPICORE-22AUG-T0.2,200,2022-09-09T16:16:25.372118Z,71,29,yes
745,c80bad0e-c884-4b2f-9206-b7719ecd8e8b,CPICORE-22AUG-T0.2,5,2022-09-09T12:17:03.094185Z,70,30,no
746,ecc028f0-2b6d-47bf-9e66-c3b17ab9f78d,CPICORE-22AUG-T0.2,5,2022-09-07T13:56:01.940616Z,73,27,yes
747,41cbaf37-e546-47f4-9e58-86e09d898e25,CPICORE-22AUG-T0.2,15,2022-09-05T17:29:59.212213Z,74,26,yes
748,1e30da75-6141-4951-92eb-f199f6bf8c06,CPICORE-22AUG-T0.2,10,2022-09-04T18:32:11.266937Z,74,26,yes
749,1fe59377-7931-4757-b5bf-2327e9707b40,CPICORE-22AUG-T0.2,4,2022-09-04T12:25:08.657685Z,74,26,yes
750,c2709e70-3e60-47ab-8f30-958360507bd1,CPICORE-22AUG-T0.2,98,2022-09-04T01:01:21.946038Z,72,28,yes
751,98d67ba7-0c2e-46d2-9009-e0b9b05d4b9f,CPICORE-22AUG-T0.2,5,2022-09-02T01:36:48.074352Z,72,28,yes
752,2ae5a067-a65b-40bd-a305-5520bd4132f2,CPICORE-22AUG-T0.2,10,2022-09-02T01:36:30.873062Z,72,28,yes
753,a484028c-255d-44dd-ac1e-a3c5e1e97fd5,CPICORE-22AUG-T0.2,1,2022-09-01T19:04:31.618437Z,72,28,yes
754,a1b823fb-6e35-430c-b396-428a86e8368b,CPICORE-22AUG-T0.2,3,2022-09-01T16:42:24.45363Z,72,28,yes
755,ae547d73-4a6d-49d0-9de6-b4101c9e3ae8,CPICORE-22AUG-T0.2,10,2022-09-01T13:47:47.230503Z,72,28,yes
756,1330d8eb-9621-4ac6-ab58-d0315ece622b,CPICORE-22AUG-T0.2,60,2022-08-31T15:25:47.912599Z,58,42,no
757,b47b53f1-8a43-4b45-8121-3e140428b15a,CPICORE-22AUG-T0.2,48,2022-08-31T03:41:17.988749Z,59,41,no
758,76f40cf9-9cfe-4268-b34b-80b57393976f,CPICORE-22AUG-T0.2,102,2022-08-31T03:41:17.988749Z,60,40,no
759,3e099cd8-b71f-4ae0-a9d9-6098b556e7eb,CPICORE-22AUG-T0.2,1,2022-08-31T01:59:06.534057Z,64,36,yes
760,fecb2812-6ca9-488f-bc3d-bb44de9b2f85,CPICORE-22AUG-T0.2,75,2022-08-30T12:33:50.605987Z,60,40,no
761,ec09eba1-d66d-4b8e-ae37-2b5611f4a3c5,CPICORE-22AUG-T0.2,25,2022-08-30T12:33:50.517755Z,60,40,no
762,777dd87e-fc7a-414e-ab47-d96aa09ed630,CPICORE-22AUG-T0.2,28,2022-08-30T12:33:50.517755Z,61,39,no
763,f4fa27e4-cdf8-4696-af3e-12cadc852fdf,CPICORE-22AUG-T0.2,71,2022-08-30T02:16:40.481304Z,60,40,no
764,7644599d-cc5c-4869-92de-4d425c0d077e,CPICORE-22AUG-T0.2,27,2022-08-29T22:18:38.330011Z,60,40,yes
765,51f8dfe4-e62e-4b81-a482-fa499527d75d,CPICORE-22AUG-T0.2,24,2022-08-29T22:18:38.330011Z,60,40,yes
766,e4671ad9-77f8-4a3e-ade2-9868fa493830,CPICORE-22AUG-T0.2,3,2022-08-29T21:54:44.297903Z,59,41,no
767,6db26acc-dfe2-4a51-917e-0f8111680606,CPICORE-22AUG-T0.2,20,2022-08-29T21:29:52.933301Z,59,41,yes
768,24a74e2a-a948-49a6-a6f6-b9e8c742b356,CPICORE-22AUG-T0.2,25,2022-08-28T20:52:04.354302Z,56,44,yes
769,e9ce111b-1a19-48e4-a809-f47384fd1dc4,CPICORE-22AUG-T0.2,22,2022-08-28T00:58:17.12571Z,53,47,yes
770,c83a11e6-8359-4bda-a58d-a7e09ee3bc0c,CPICORE-22AUG-T0.2,88,2022-08-28T00:58:17.12571Z,55,45,yes
771,4569e199-ba71-49b2-8d86-773424123d59,CPICORE-22AUG-T0.2,88,2022-08-28T00:58:17.12571Z,54,46,yes
772,1cd14e6b-de1c-4ece-8243-76b4ee8d6034,CPICORE-22AUG-T0.2,15,2022-08-27T21:16:47.019628Z,53,47,yes
773,64cbfe3f-bff4-41c9-9178-997b0c74511c,CPICORE-22AUG-T0.2,15,2022-08-27T19:57:55.490261Z,53,47,yes
774,857d7b1d-046a-4700-ae90-c57c2cc6931c,CPICORE-22AUG-T0.2,5,2022-08-26T23:31:00.498804Z,50,50,no
775,e7a76c3f-ab21-419f-9a2e-544d3bcbd94e,CPICORE-22AUG-T0.2,10,2022-08-26T19:10:01.207755Z,52,48,yes
776,50fd6d41-a5bf-4c5f-93eb-b88bc12aa481,CPICORE-22AUG-T0.2,53,2022-08-26T12:51:35.584259Z,50,50,no
777,c1750439-1a2f-4fa8-8974-9a0c18a6f39e,CPICORE-22AUG-T0.2,41,2022-08-26T12:51:34.225288Z,50,50,no
778,2152636b-ee2e-491b-8061-cc363377728b,CPICORE-22AUG-T0.2,9,2022-08-26T12:51:34.225288Z,73,27,no
779,f54f935a-68ce-44fd-84d0-26c6c84995c0,CPICORE-22AUG-T0.2,12,2022-08-26T12:51:33.681576Z,73,27,no
780,b25cae16-9963-4af8-9c6b-fac205f76807,CPICORE-22AUG-T0.2,41,2022-08-26T12:51:33.681576Z,73,27,no
781,e1f86a25-e288-418b-a08c-7db4424197ce,CPICORE-22AUG-T0.2,13,2022-08-26T12:49:48.851138Z,73,27,no
782,83f7ac77-d984-40fa-9066-8b5c25341136,CPICORE-22AUG-T0.2,44,2022-08-26T12:49:48.851138Z,75,25,no
783,14691822-a318-454a-993f-82147f8e2bc4,CPICORE-22AUG-T0.2,53,2022-08-26T12:49:48.835524Z,75,25,no
784,1952eccc-e473-4748-9e76-72478354b2c5,CPICORE-22AUG-T0.2,3,2022-08-26T12:49:48.763465Z,75,25,no
785,e63926e9-3241-4c50-95ff-31373b4a6c71,CPICORE-22AUG-T0.2,22,2022-08-25T20:45:06.826929Z,76,24,yes
786,13751874-cbdd-4cfa-a0f6-194a96bcc639,CPICORE-22AUG-T0.2,44,2022-08-25T20:45:06.826929Z,76,24,yes
787,fd86b97c-897b-4e7d-b522-1520559ae34e,CPICORE-22AUG-T0.2,35,2022-08-23T15:18:14.205158Z,73,27,no
788,86334517-9254-40be-b5a8-9a8c06eede91,CPICORE-22AUG-T0.2,90,2022-08-20T22:15:33.39684Z,76,24,yes
789,1e1f9626-bbf6-44b5-9a9d-79fd63b93b98,CPICORE-22AUG-T0.2,10,2022-08-20T22:15:33.39684Z,78,22,yes
790,5aa4ca26-6996-4bb3-b154-78887379e7cc,CPICORE-22AUG-T0.2,10,2022-08-20T14:59:13.076588Z,76,24,yes
791,4d2dfe41-2ca9-44e0-bd39-2cfa5e78d42f,CPICORE-22AUG-T0.2,57,2022-08-19T16:25:12.075706Z,76,24,no
792,7f6aa26f-2640-4bf7-b11c-3b56630f7d71,CPICORE-22AUG-T0.2,24,2022-08-16T20:01:32.683723Z,77,23,no
793,76d38e4f-5934-4675-a620-19aa47daab01,CPICORE-22AUG-T0.2,16,2022-08-16T20:01:32.683723Z,76,24,no
794,b842fee6-6f53-444b-9978-1a65979059da,CPICORE-22AUG-T0.2,20,2022-08-13T20:24:11.011379Z,77,23,no
795,0b9b34ff-da87-4f34-a319-b0a43e50817f,CPICORE-22AUG-T0.2,43,2022-08-13T12:23:27.609014Z,81,19,yes
796,842e0cc9-1fe5-4982-bb02-cc7ef3f6749d,CPICORE-22AUG-T0.2,54,2022-08-13T12:23:12.51126Z,80,20,yes
797,0995fc6f-4e8f-4c14-ac47-6d2bc5600460,CPICORE-22AUG-T0.2,20,2022-08-13T02:17:20.45603Z,80,20,yes
798,ad757e2f-407d-44ab-9a2d-d86610ed7c52,CPICORE-22AUG-T0.2,50,2022-08-11T18:12:28.465792Z,80,20,yes
799,9c4f169a-4035-4046-ab8d-47fbe587ca49,CPICORE-22AUG-T0.2,34,2022-08-11T16:41:21.606044Z,80,20,yes
800,30f493e5-ef84-4ac7-86e5-27661b64398f,CPICORE-22AUG-T0.2,1,2022-08-11T15:22:41.258626Z,79,21,no
801,625ceaaf-b0bc-493e-982d-8531b9abca2f,CPICORE-22AUG-T0.2,12,2022-08-11T15:18:51.764525Z,79,21,no
802,a295498d-46e8-4b9c-a87c-76e43a115640,CPICORE-22AUG-T0.2,26,2022-08-11T15:17:08.275764Z,79,21,yes
803,dc363da3-8d7c-4cbb-b9b2-18f9bcb7f2ca,CPICORE-22AUG-T0.2,74,2022-08-10T14:00:29.298361Z,76,24,no
804,31622cd5-4600-4fc0-8bc6-3d0015c70030,CPICORE-22AUG-T0.2,23,2022-08-10T14:00:29.298361Z,77,23,no
805,a9749b56-a7c4-46e2-a049-41c44e4310db,CPICORE-22AUG-T0.2,23,2022-08-08T16:43:29.244407Z,93,7,no
806,f5d903e9-d35a-498d-a047-a8b5ad2992ae,CPICORE-22AUG-T0.2,100,2022-08-08T16:28:40.116737Z,93,7,no
807,ca2a033a-6a8d-481c-acd8-8db510d65c6e,CPICORE-22AUG-T0.2,15,2022-07-07T18:57:17.294049Z,87,13,yes
808,db9eff89-df61-4362-a530-ce74f9175f5a,CPICORE-22AUG-T0.2,15,2022-07-01T23:06:01.527811Z,83,17,no
809,46e1c764-aa0e-4639-90e9-ea8217e08eea,CPICORE-22AUG-T0.3,10,2022-09-13T12:22:40.327261Z,41,59,no
810,aa07b3ff-e45b-43b2-9929-c1f2764d0276,CPICORE-22AUG-T0.3,60,2022-09-13T01:58:57.599282Z,42,58,no
811,fb094bc1-5398-4df8-b306-2c387dc895ba,CPICORE-22AUG-T0.3,7,2022-09-12T18:51:40.551616Z,48,52,yes
812,cd218c30-1e2b-43a9-9fd5-c04f8440239c,CPICORE-22AUG-T0.3,1,2022-09-12T18:27:05.531537Z,42,58,no
813,e0d9afc6-e57f-4011-9e4f-4ce149b8142a,CPICORE-22AUG-T0.3,40,2022-09-12T16:34:47.610648Z,43,57,yes
814,b0a0b846-9205-480f-8201-ab408c00827e,CPICORE-22AUG-T0.3,50,2022-09-12T15:33:39.712273Z,38,62,no
815,35d8b2f1-c6ce-46c0-9f0c-2f23b70b25e9,CPICORE-22AUG-T0.3,20,2022-09-12T14:06:06.030036Z,38,62,no
816,9e4eb84f-0456-4363-bbc1-000e88a59b14,CPICORE-22AUG-T0.3,50,2022-09-12T00:54:03.736437Z,41,59,no
817,5ac1c85b-a885-462c-a0f7-641925eaf07e,CPICORE-22AUG-T0.3,50,2022-09-12T00:54:03.736437Z,39,61,no
818,d0b946cf-86c5-4521-8c11-121f5fb63114,CPICORE-22AUG-T0.3,10,2022-09-11T14:56:42.02337Z,43,57,yes
819,3640a7ef-14d4-46f8-b976-5606187a447d,CPICORE-22AUG-T0.3,400,2022-09-11T01:07:11.638992Z,42,58,yes
820,2797690a-23c5-4195-a91e-6b1438a7d8f1,CPICORE-22AUG-T0.3,25,2022-09-10T21:42:08.288396Z,41,59,no
821,606adffb-db3c-4111-929e-22e6372bf443,CPICORE-22AUG-T0.3,100,2022-09-09T17:40:31.850836Z,45,55,yes
822,28b3f945-1411-4b61-b917-1061e87e9a12,CPICORE-22AUG-T0.3,200,2022-09-09T15:59:26.857552Z,44,56,no
823,02705126-97e7-4cef-b865-782ba000b637,CPICORE-22AUG-T0.3,20,2022-09-09T14:31:39.426888Z,50,50,no
824,5027b452-b14a-48fd-bb78-14ae07d09615,CPICORE-22AUG-T0.3,21,2022-09-08T13:59:05.467911Z,51,49,yes
825,83534c7a-bcc2-4d57-8ede-055bb55be4ec,CPICORE-22AUG-T0.3,2,2022-09-07T20:20:09.651225Z,47,53,no
826,67ed98ba-6694-484f-a56a-e8f1c1e18104,CPICORE-22AUG-T0.3,98,2022-09-07T20:20:09.651225Z,47,53,no
827,5ca10c68-14ab-4067-863f-de38cffc1a6d,CPICORE-22AUG-T0.3,80,2022-09-07T02:28:54.622407Z,50,50,no
828,2535cf63-7124-43a1-869b-6b24f1b5c199,CPICORE-22AUG-T0.3,30,2022-09-07T02:28:54.622407Z,50,50,no
829,47021296-9f0f-4108-bb34-75edcb3a3e6c,CPICORE-22AUG-T0.3,50,2022-09-06T17:19:54.315692Z,50,50,no
830,d74653d4-34bc-4fca-8022-9ce4a8e611d9,CPICORE-22AUG-T0.3,10,2022-09-04T18:32:24.443301Z,53,47,yes
831,8c9fb4ba-dc9d-4499-8cb4-9f70d27b450d,CPICORE-22AUG-T0.3,10,2022-09-02T14:42:28.114797Z,52,48,yes
832,13660958-b3f7-45ee-8999-822373af2343,CPICORE-22AUG-T0.3,20,2022-09-02T01:59:39.868264Z,50,50,no
833,c96c4267-d399-4a63-8687-05574b415c6e,CPICORE-22AUG-T0.3,40,2022-09-02T01:37:49.987724Z,51,49,yes
834,5db7c5d3-42f4-42cb-9e27-752e5f37a84a,CPICORE-22AUG-T0.3,1,2022-09-01T18:52:53.630042Z,50,50,yes
835,3a33692a-3b79-4ec7-8fa0-e62140d01079,CPICORE-22AUG-T0.3,2,2022-09-01T16:43:09.11306Z,50,50,yes
836,9e9471ea-4287-4ebc-aa99-3297f91261d7,CPICORE-22AUG-T0.3,90,2022-08-30T15:56:42.582778Z,38,62,yes
837,051eb4bf-c74d-4701-a6a7-0c1daa9b5c50,CPICORE-22AUG-T0.3,97,2022-08-30T15:56:42.582778Z,40,60,yes
838,cebc0bb5-4ed4-4e6a-8350-3ade03a82209,CPICORE-22AUG-T0.3,50,2022-08-30T12:34:58.009067Z,35,65,no
839,2ee6225a-7cc8-4542-94d2-16152b9d6de7,CPICORE-22AUG-T0.3,87,2022-08-30T12:34:58.009067Z,36,64,no
840,9fd2fe68-ae57-4cc4-a54c-b14ada4b5b64,CPICORE-22AUG-T0.3,50,2022-08-30T12:32:59.274894Z,37,63,no
841,472e1e7d-3d01-41e6-9400-7775a4771669,CPICORE-22AUG-T0.3,100,2022-08-30T12:32:59.274894Z,37,63,no
842,34e640a5-396f-4580-9266-95e817502adb,CPICORE-22AUG-T0.3,1,2022-08-30T12:32:59.274894Z,38,62,no
843,174fed12-f479-4c3f-a631-7839e6f0aae7,CPICORE-22AUG-T0.3,52,2022-08-30T12:32:59.274894Z,36,64,no
844,565477ba-db1e-4a67-aff9-41ab4b2f626d,CPICORE-22AUG-T0.3,77,2022-08-30T12:32:54.307444Z,39,61,no
845,307103f8-a829-44d5-94e1-53e25028d540,CPICORE-22AUG-T0.3,184,2022-08-30T12:32:54.307444Z,40,60,no
846,b1aef7e9-8366-422b-a12f-f0b53a050eaf,CPICORE-22AUG-T0.3,75,2022-08-29T14:10:42.509516Z,41,59,yes
847,37d3330a-965a-4bca-aad4-40bca8f3083d,CPICORE-22AUG-T0.3,10,2022-08-29T00:03:24.530627Z,40,60,no
848,3761902f-7f3e-4288-87f6-1e93c1d680bf,CPICORE-22AUG-T0.3,97,2022-08-28T23:39:50.225989Z,40,60,no
849,d0280f76-37e8-4af1-bcef-7af407e323ce,CPICORE-22AUG-T0.3,93,2022-08-28T23:38:13.148529Z,38,62,yes
850,a58e05ee-e8f7-4559-9db8-13f591d4a242,CPICORE-22AUG-T0.3,15,2022-08-28T23:38:13.148529Z,37,63,yes
851,69568205-b894-4d5d-a134-f6b2f115ac33,CPICORE-22AUG-T0.3,92,2022-08-28T23:38:13.148529Z,39,61,yes
852,125b2be9-003a-4d97-bf2a-37ec3a68571a,CPICORE-22AUG-T0.3,9,2022-08-28T23:38:13.148529Z,37,63,yes
853,6c504507-7563-4eb0-8080-f9ebdad219cd,CPICORE-22AUG-T0.3,25,2022-08-28T20:18:40.808016Z,32,68,no
854,2a9b1380-2238-49a6-99fe-d786c453e84a,CPICORE-22AUG-T0.3,25,2022-08-26T19:11:56.086076Z,35,65,yes
855,38472afe-faab-4050-a694-35d1a40d03f5,CPICORE-22AUG-T0.3,1,2022-08-25T23:04:48.520346Z,48,52,no
856,d04cd750-2926-4b6d-931d-cb09a64f7785,CPICORE-22AUG-T0.3,31,2022-08-25T18:58:23.446955Z,49,51,no
857,8b0eccca-0714-4b86-bef3-196a2df88496,CPICORE-22AUG-T0.3,19,2022-08-25T18:58:23.446955Z,48,52,no
858,efaf438d-8b17-47a4-9bb8-b1ec5774433a,CPICORE-22AUG-T0.3,3,2022-08-24T20:29:34.89354Z,56,44,yes
859,22734442-e0be-4bbb-b6fc-b05f1772ce83,CPICORE-22AUG-T0.3,21,2022-08-19T16:26:35.325299Z,54,46,no
860,fe11b404-68ec-49fe-bde0-840f97ddb326,CPICORE-22AUG-T0.3,2,2022-08-18T13:03:33.5642Z,59,41,yes
861,f1b0879d-098a-470e-a473-4fcef6fbc33d,CPICORE-22AUG-T0.3,18,2022-08-18T13:03:33.5642Z,59,41,yes
862,974bd8c6-3437-47f7-9354-1a2a3450d31b,CPICORE-22AUG-T0.3,3,2022-08-17T18:32:58.750303Z,58,42,yes
863,40edbef1-a1d6-4bbf-a462-5184da8425f3,CPICORE-22AUG-T0.3,7,2022-08-17T18:32:58.750303Z,59,41,yes
864,dc606871-9b2a-4286-b3aa-9b7f3b51f6af,CPICORE-22AUG-T0.3,51,2022-08-16T01:25:38.200461Z,57,43,yes
865,8e764fa4-e432-4b3e-b65f-093672b569d4,CPICORE-22AUG-T0.3,54,2022-08-16T01:25:38.200461Z,58,42,yes
866,68a4966b-2529-42dc-ba98-558da6a07048,CPICORE-22AUG-T0.3,45,2022-08-16T01:25:38.200461Z,59,41,yes
867,fb12d0c5-0a5e-4aa6-a255-768794b1d79f,CPICORE-22AUG-T0.3,36,2022-08-11T18:12:35.836166Z,59,41,yes
868,cd13fb59-3656-4a8a-89b2-4f3654304e07,CPICORE-22AUG-T0.3,22,2022-08-11T16:41:38.718914Z,59,41,yes
869,3c1fe6b2-f623-4a2e-b1d1-46b5bfcc560e,CPICORE-22AUG-T0.3,3,2022-08-11T16:41:38.718914Z,58,42,yes
870,f65eb480-4f67-41c8-ae21-3f1bd66c663d,CPICORE-22AUG-T0.3,15,2022-08-11T15:18:51.772213Z,58,42,no
871,345e119e-c3f0-4947-a101-c45b90c2fca7,CPICORE-22AUG-T0.3,10,2022-08-11T15:17:30.918126Z,58,42,yes
872,cbbbfc71-5a4b-433f-a4a0-42666346dddc,CPICORE-22AUG-T0.3,23,2022-08-11T03:45:13.877703Z,56,44,no
873,81db7a28-8e2c-4e3b-abf1-d0f0480e3ff9,CPICORE-22AUG-T0.3,9,2022-08-11T03:45:13.877703Z,56,44,no
874,45a172b9-1d9a-41e6-badb-4c89c2615624,CPICORE-22AUG-T0.3,57,2022-08-11T03:45:13.877703Z,55,45,no
875,426f23f8-dac3-48c5-9903-1200cfbcda33,CPICORE-22AUG-T0.3,54,2022-08-11T03:45:13.877703Z,54,46,no
876,6def6f99-c600-4f1e-ae7a-8bbfcb279d3f,CPICORE-22AUG-T0.3,54,2022-08-10T15:19:32.942864Z,61,39,yes
877,3037dfeb-5d86-476a-9e27-ea7cdd8b4ab8,CPICORE-22AUG-T0.3,10,2022-08-10T15:19:32.942864Z,62,38,yes
878,9e868260-d935-4ed3-8fba-28c90dd3bed3,CPICORE-22AUG-T0.3,23,2022-08-10T15:10:38.723659Z,58,42,yes
879,6fd07719-383a-4e61-8841-77ac2a81a8b5,CPICORE-22AUG-T0.3,8,2022-08-10T15:10:38.723659Z,60,40,yes
880,56bd954f-34ac-4532-8f88-bbbc2698965a,CPICORE-22AUG-T0.3,28,2022-08-10T15:10:38.723659Z,59,41,yes
881,531cb27b-fd40-4af4-aadc-45fad9a43f92,CPICORE-22AUG-T0.3,29,2022-08-10T15:10:38.723659Z,59,41,yes
882,1d05ebcb-af33-43c9-9ff4-bdee28649040,CPICORE-22AUG-T0.3,49,2022-08-10T15:10:38.723659Z,60,40,yes
883,45b3fb79-bc38-4b2f-a8f6-b9f48aa5ec66,CPICORE-22AUG-T0.3,49,2022-08-08T16:43:37.398185Z,86,14,no
884,869f8663-68ca-485f-a904-2e8c80d61f06,CPICORE-22AUG-T0.3,51,2022-08-08T16:28:23.025261Z,87,13,no
885,3175477b-7b94-49f0-862c-31c2f807e87a,CPICORE-22AUG-T0.3,35,2022-07-13T20:18:43.814362Z,89,11,no
886,f69d2b19-b8c7-4615-9645-47b834d54446,CPICORE-22AUG-T0.3,166,2022-07-13T15:10:17.414892Z,90,10,no
887,f074a5c6-a958-4d18-a3d8-b468d52f1b6b,CPICORE-22AUG-T0.3,62,2022-07-03T17:40:22.28977Z,72,28,yes
888,eca83e8a-e0d6-4309-ac4d-a0e264fe7e92,CPICORE-22AUG-T0.3,63,2022-07-03T17:40:22.28977Z,71,29,yes
889,884b9c0b-3291-4417-aba3-ca6d6647b710,CPICORE-22AUG-T0.3,34,2022-07-03T17:40:22.28977Z,70,30,yes
890,dda88ac4-533a-4512-966d-2524796f7c3d,CPICORE-22AUG-T0.4,150,2022-09-13T01:05:03.751237Z,22,78,yes
891,f38a9a5a-12e3-4235-b6e5-40419d0d9bb8,CPICORE-22AUG-T0.4,1,2022-09-13T01:02:56.675829Z,22,78,yes
892,05f75854-5fb7-4138-86a9-5332eafb478c,CPICORE-22AUG-T0.4,179,2022-09-12T21:47:35.07714Z,20,80,no
893,771193b1-f2cc-4795-ab2e-92ca2e84379b,CPICORE-22AUG-T0.4,25,2022-09-12T21:09:09.070926Z,20,80,no
894,513dbebf-6f66-442e-a469-0ca4c36c9fae,CPICORE-22AUG-T0.4,50,2022-09-12T16:37:15.886913Z,22,78,yes
895,80e1813b-a08d-4046-90d3-42f1cb49e0d8,CPICORE-22AUG-T0.4,155,2022-09-12T15:34:44.01451Z,21,79,no
896,1c7da073-d478-4619-98ce-2f3ebe0727cf,CPICORE-22AUG-T0.4,195,2022-09-12T02:30:30.181206Z,21,79,yes
897,649f4a89-f4bf-4f72-a8c9-48d4075450c0,CPICORE-22AUG-T0.4,30,2022-09-09T22:46:53.568317Z,19,81,no
898,c69f6a10-fad1-434a-b7e9-a80f541a72a1,CPICORE-22AUG-T0.4,84,2022-09-09T21:12:08.785691Z,21,79,no
899,a2bd94f0-9241-42c4-848f-f4484b3fc55f,CPICORE-22AUG-T0.4,148,2022-09-09T21:12:08.785691Z,21,79,no
900,a73a8419-f191-43f9-9c7e-4608f8597a02,CPICORE-22AUG-T0.4,13,2022-09-09T14:30:05.896872Z,21,79,no
901,003d6697-cd0d-4d90-81ff-390656811cae,CPICORE-22AUG-T0.4,187,2022-09-09T14:30:05.896872Z,23,77,no
902,bbfd9402-8851-4741-91df-f85dbb7be5a1,CPICORE-22AUG-T0.4,20,2022-09-09T12:16:46.997359Z,23,77,no
903,8d009689-225a-43ce-95bb-14f464990181,CPICORE-22AUG-T0.4,3,2022-09-08T22:24:16.444341Z,24,76,no
904,1e118a69-1b8b-4ca8-9435-d1293f7c57fc,CPICORE-22AUG-T0.4,10,2022-09-08T22:24:16.444341Z,27,73,no
905,afd89a49-f1f1-425f-b135-73c4366ba5af,CPICORE-22AUG-T0.4,2,2022-09-08T14:25:01.896329Z,29,71,yes
906,b7d7a993-1a16-4f1a-98bd-eb5fcff82a08,CPICORE-22AUG-T0.4,100,2022-09-08T13:59:38.364852Z,28,72,yes
907,385b4fd2-3d89-4ba8-b580-a51d0e0b4a24,CPICORE-22AUG-T0.4,75,2022-09-08T00:29:47.743017Z,27,73,yes
908,82ba5d8f-7409-41b5-9954-77ab0a6abacd,CPICORE-22AUG-T0.4,7,2022-09-07T20:19:14.942163Z,22,78,no
909,2e74c1f8-4a36-4ca7-86d2-c27f344af8c9,CPICORE-22AUG-T0.4,93,2022-09-07T20:19:14.942163Z,22,78,no
910,8eda535d-7f42-4e51-b07f-30f890384e51,CPICORE-22AUG-T0.4,10,2022-09-04T18:32:43.722134Z,23,77,no
911,5826001a-f47c-4cca-aae7-86be681ed41f,CPICORE-22AUG-T0.4,1,2022-09-01T16:42:53.979707Z,28,72,yes
912,9a52d9b1-27c1-425e-8664-9abb83493bbd,CPICORE-22AUG-T0.4,103,2022-08-31T21:28:40.322564Z,26,74,no
913,2ea90ee9-91f8-480b-91e6-f0977753505a,CPICORE-22AUG-T0.4,10,2022-08-29T00:03:31.857508Z,26,74,no
914,d90c52e2-569c-4b5b-9bcc-dffae88d1c45,CPICORE-22AUG-T0.4,8,2022-08-28T12:21:04.666806Z,24,76,no
915,4f6396fe-9fd9-4d34-b820-daba23b99f0f,CPICORE-22AUG-T0.4,15,2022-08-26T18:51:30.896014Z,22,78,no
916,183e4ace-9f11-4156-9063-aab54059d643,CPICORE-22AUG-T0.4,35,2022-08-26T18:51:30.896014Z,22,78,no
917,e2225e1a-ce0e-415f-b041-2b74a5293b36,CPICORE-22AUG-T0.4,50,2022-08-26T18:50:45.770671Z,22,78,no
918,59b3c1c7-fb4d-4028-8f0a-ab61cf88ee3a,CPICORE-22AUG-T0.4,29,2022-08-26T12:58:59.395238Z,22,78,no
919,7321a676-b75c-4034-be17-3b7d94fbf02b,CPICORE-22AUG-T0.4,25,2022-08-26T12:51:35.294686Z,32,68,no
920,b2fc0ddd-2be8-4430-a2d1-7ff6e920dc3e,CPICORE-22AUG-T0.4,10,2022-08-25T20:45:21.492642Z,37,63,no
921,d824e7b8-fbfc-483d-88b2-a04f27599cfd,CPICORE-22AUG-T0.4,5,2022-08-25T15:13:48.189345Z,38,62,yes
922,74cd1dad-c9dc-4b2e-bdb1-897003717b63,CPICORE-22AUG-T0.4,10,2022-08-25T15:12:59.12537Z,38,62,no
923,ced66f90-56d2-4339-921f-2e86c4be03cf,CPICORE-22AUG-T0.4,55,2022-08-25T15:01:17.10174Z,39,61,no
924,ae1ba0b8-6ea6-4f72-a6c7-b13d25ec1e8b,CPICORE-22AUG-T0.4,45,2022-08-25T15:01:17.10174Z,38,62,no
925,8a9b0fd4-bee3-4bbf-938d-ad1acd988c74,CPICORE-22AUG-T0.4,2,2022-08-24T20:30:59.45018Z,40,60,yes
926,f6563a82-5978-4c98-b501-affaf5f21891,CPICORE-22AUG-T0.4,25,2022-08-24T14:59:13.043733Z,40,60,yes
927,8607ab4d-52bb-4de6-84ca-b9fbcf6ed79e,CPICORE-22AUG-T0.4,10,2022-08-24T13:40:34.152784Z,40,60,no
928,9b35527b-bf86-4bed-bc41-ef545fca9a5a,CPICORE-22AUG-T0.4,16,2022-08-23T15:18:54.25366Z,40,60,no
929,c14a5d30-4535-4c72-940c-f06070f70e74,CPICORE-22AUG-T0.4,11,2022-08-23T12:45:37.294778Z,45,55,yes
930,59706d2d-01ab-46b9-b545-b9c9ad6ef2bd,CPICORE-22AUG-T0.4,9,2022-08-23T12:45:37.294778Z,45,55,yes
931,331a4f08-fd99-449d-b0f2-6cf01194a7c2,CPICORE-22AUG-T0.4,50,2022-08-19T16:44:20.137223Z,41,59,no
932,10933e76-b565-434d-bda7-a79d76b603af,CPICORE-22AUG-T0.4,10,2022-08-18T14:13:47.587489Z,42,58,no
933,d8553ea7-be33-4262-b0a4-72a1679d3f33,CPICORE-22AUG-T0.4,35,2022-08-16T20:01:46.787709Z,42,58,no
934,ddcfc822-c410-4bcb-9f62-a13bbb380b55,CPICORE-22AUG-T0.4,33,2022-08-16T01:26:06.258063Z,48,52,yes
935,15b2408e-e7bf-4a02-9140-fa86efdadf1b,CPICORE-22AUG-T0.4,43,2022-08-16T01:26:06.258063Z,47,53,yes
936,1515c08e-6109-48a7-af57-035113bd257e,CPICORE-22AUG-T0.4,4,2022-08-16T01:26:06.258063Z,46,54,yes
937,d3d16bf8-f164-4537-9e99-8286b1bae6fa,CPICORE-22AUG-T0.4,49,2022-08-13T22:50:30.351999Z,44,56,no
938,b15acabc-9eee-4144-800d-0a5a3d260c49,CPICORE-22AUG-T0.4,58,2022-08-13T22:50:30.351999Z,43,57,no
939,10bb176a-2d44-4160-800f-b7ec358283e3,CPICORE-22AUG-T0.4,29,2022-08-13T22:50:30.351999Z,42,58,no
940,d79e175f-e96c-4b46-a3b7-ddd6811d9af8,CPICORE-22AUG-T0.4,32,2022-08-11T18:12:51.006454Z,50,50,yes
941,eeabe899-9811-4bbd-89a7-0eefb96e6a6a,CPICORE-22AUG-T0.4,25,2022-08-11T16:40:58.346323Z,50,50,yes
942,fc9eb1e1-2685-425b-a694-a924b6357de2,CPICORE-22AUG-T0.4,6,2022-08-11T15:17:54.762939Z,49,51,yes
943,72863351-5852-4eda-9a9b-1913df282ecd,CPICORE-22AUG-T0.4,19,2022-08-11T15:17:54.762939Z,49,51,yes
944,e4faf50e-7ed7-43d8-9e6e-15d5822b3331,CPICORE-22AUG-T0.4,56,2022-08-11T03:45:04.237269Z,46,54,no
945,8b471b93-925c-4f28-a08b-7b37dbcf466e,CPICORE-22AUG-T0.4,24,2022-08-11T03:45:04.237269Z,47,53,no
946,78dfb575-95a1-4fc7-852a-7ff2a42496c6,CPICORE-22AUG-T0.4,54,2022-08-11T03:45:04.237269Z,45,55,no
947,42009280-d072-4a17-a259-06486f8b7d17,CPICORE-22AUG-T0.4,4,2022-08-10T21:53:39.066019Z,48,52,yes
948,40e49d9d-b6e3-43c2-8c67-00ca45f3fe6b,CPICORE-22AUG-T0.4,21,2022-08-10T15:21:13.049535Z,48,52,yes
949,9d5592b7-5e36-4a94-94c7-69826a1490af,CPICORE-22AUG-T0.4,100,2022-08-08T16:28:57.124622Z,74,26,no
950,f75169bc-b36a-4b53-a7e1-2070994cb0cd,CPICORE-22AUG-T0.4,50,2022-08-07T16:24:51.911934Z,75,25,no
951,4c97652b-e13b-425e-a4a1-553ccbe46487,CPICORE-22AUG-T0.4,42,2022-08-07T16:24:51.911934Z,75,25,no
952,eb345bbe-0870-4832-80b1-18272cd5dfba,CPICORE-22AUG-T0.4,38,2022-08-06T02:39:40.462442Z,79,21,yes
953,74687cb6-5af3-43f8-b491-6ee4cd8a48c5,CPICORE-22AUG-T0.4,13,2022-08-06T02:39:40.462442Z,80,20,yes
954,f5062fd7-83af-4c77-be64-0cc3cb128966,CPICORE-22AUG-T0.4,17,2022-07-21T19:21:59.677372Z,80,20,no
955,c3f90076-51d1-483b-a752-c834cb1e7c89,CPICORE-22AUG-T0.4,33,2022-07-21T19:21:59.677372Z,80,20,no
956,0904caac-cea5-4dea-9d64-423335d145af,CPICORE-22AUG-T0.4,1,2022-07-13T20:18:32.694752Z,80,20,no
957,df79444c-247a-4818-8dee-b0a592ff4e21,CPICORE-22AUG-T0.5,10,2022-09-13T12:20:55.57508Z,9,91,no
958,86b7b852-8687-4ecb-95a9-062fcb34abcd,CPICORE-22AUG-T0.5,29,2022-09-13T01:04:55.554827Z,12,88,yes
959,503a8fe6-3a26-4b40-bc42-a5a33e9f46b9,CPICORE-22AUG-T0.5,71,2022-09-13T01:02:58.987474Z,11,89,yes
960,c8a1e6ee-ad31-44f0-9169-6c59c13e33d9,CPICORE-22AUG-T0.5,301,2022-09-13T01:02:51.107223Z,11,89,yes
961,8bdfcaa6-f309-4e7e-9a0e-5f791583ca3a,CPICORE-22AUG-T0.5,26,2022-09-13T01:02:51.107223Z,11,89,yes
962,2486740b-c884-40a6-85c1-c0fd2d62e291,CPICORE-22AUG-T0.5,173,2022-09-13T01:02:51.107223Z,10,90,yes
963,ebb6f396-5b3e-4553-9db7-5a217c608594,CPICORE-22AUG-T0.5,50,2022-09-12T21:09:00.566726Z,9,91,no
964,0a41b987-cd2f-4d34-b68a-6528fad7bfed,CPICORE-22AUG-T0.5,300,2022-09-12T02:29:54.882689Z,10,90,yes
965,429a6cf5-5e75-4250-991b-da7d861bbac7,CPICORE-22AUG-T0.5,200,2022-09-11T18:34:18.374425Z,9,91,no
966,1ba67199-8ae7-46ea-a970-5811f5f40c2f,CPICORE-22AUG-T0.5,300,2022-09-11T18:07:31.71373Z,9,91,yes
967,e83db134-2593-4fa2-af9c-f9429f7cba26,CPICORE-22AUG-T0.5,100,2022-09-11T16:40:26.685668Z,8,92,no
968,e7050ca8-7be0-4149-aaf7-329408aa8760,CPICORE-22AUG-T0.5,134,2022-09-10T21:30:25.124128Z,9,91,no
969,137f1172-899e-4f72-8eda-89dbb2af7692,CPICORE-22AUG-T0.5,99,2022-09-10T18:37:11.825148Z,11,89,yes
970,6e918daf-6b5c-4630-b087-72e38df66e94,CPICORE-22AUG-T0.5,99,2022-09-10T15:15:51.977544Z,10,90,no
971,66905301-230b-4bc7-b0c8-4a63c02dcb23,CPICORE-22AUG-T0.5,90,2022-09-09T21:11:57.94838Z,11,89,no
972,5fdb3713-88ff-4486-a7c7-fdb4e245066e,CPICORE-22AUG-T0.5,52,2022-09-09T21:11:57.94838Z,11,89,no
973,5dc92e3c-8d32-4d5c-981f-771e71ea0f9a,CPICORE-22AUG-T0.5,92,2022-09-09T15:08:04.158664Z,14,86,no
974,242eb05c-7f5a-4e66-8a01-929bc91a7aca,CPICORE-22AUG-T0.5,140,2022-09-09T14:31:50.713624Z,14,86,no
975,6f4fb91d-72fe-484a-822a-a4221b9397ae,CPICORE-22AUG-T0.5,10,2022-09-08T14:00:11.925772Z,15,85,yes
976,016cc415-e338-44b9-9424-aea10fc238ee,CPICORE-22AUG-T0.5,90,2022-09-08T14:00:11.925772Z,15,85,yes
977,16d00192-e44b-47d5-a3cb-13740139c7a5,CPICORE-22AUG-T0.5,50,2022-09-07T22:21:26.003233Z,14,86,no
978,6f655c77-6205-4af1-8a0e-817eec0d33d1,CPICORE-22AUG-T0.5,100,2022-09-07T20:18:43.000794Z,14,86,no
979,5dea598b-9adc-4388-bcc8-32d3e78b9f49,CPICORE-22AUG-T0.5,118,2022-09-07T20:18:36.530961Z,14,86,no
980,1da3f4db-a745-4abf-af1a-680069a383b4,CPICORE-22AUG-T0.5,128,2022-08-31T21:20:58.204933Z,15,85,yes
981,fc0b4009-73ab-4df9-a8b6-badc7e629665,CPICORE-22AUG-T0.5,24,2022-08-30T17:57:40.26106Z,16,84,no
982,f1d27bc4-9fd8-4a03-94c6-00b933960f50,CPICORE-22AUG-T0.5,90,2022-08-30T17:57:40.26106Z,15,85,no
983,0192ec7f-872d-4294-a8bc-b7e11aee5eed,CPICORE-22AUG-T0.5,101,2022-08-30T17:57:40.26106Z,16,84,no
984,87041d32-14ff-4586-8403-fae8c694151d,CPICORE-22AUG-T0.5,60,2022-08-30T12:33:50.806041Z,18,82,no
985,d2c646c8-9c0a-4a3f-8a4c-923d9c7cb616,CPICORE-22AUG-T0.5,1,2022-08-28T21:03:00.672648Z,15,85,no
986,a5456157-ee13-4d38-9953-a16f2c801fee,CPICORE-22AUG-T0.5,2,2022-08-28T20:19:13.410819Z,15,85,no
987,00232700-c46c-4e5f-a0dd-0e8efc236805,CPICORE-22AUG-T0.5,40,2022-08-28T00:54:00.036248Z,15,85,yes
988,2c9e730a-46b1-41d4-a8cb-8df0aac61feb,CPICORE-22AUG-T0.5,100,2022-08-26T18:51:20.531585Z,13,87,no
989,66fb3877-6ed1-445d-bccb-ca9096bd134b,CPICORE-22AUG-T0.5,40,2022-08-26T12:59:14.841776Z,13,87,no
990,7abbe4f3-fccb-496e-9e15-19d4ce944c37,CPICORE-22AUG-T0.5,40,2022-08-25T20:45:31.972144Z,22,78,no
991,4c7b3438-1f30-4f4a-8df3-6ec34fd0e466,CPICORE-22AUG-T0.5,20,2022-08-25T20:44:40.086006Z,22,78,no
992,bbe06ea9-5c60-4017-8510-8f269ef04d2f,CPICORE-22AUG-T0.5,1,2022-08-19T21:43:46.780658Z,24,76,no
993,e84a0315-48e5-4120-b20c-96df200fad75,CPICORE-22AUG-T0.5,1,2022-08-16T16:35:41.726352Z,30,70,yes
994,d63dd3cf-f653-4068-bcd9-82d802eaee61,CPICORE-22AUG-T0.5,26,2022-08-11T19:51:18.406476Z,29,71,no
995,a18517f3-73bf-4986-bc01-bc3b6e4a3202,CPICORE-22AUG-T0.5,66,2022-08-11T19:51:18.406476Z,27,73,no
996,8b6c38da-a522-4fe5-a128-006f875203c1,CPICORE-22AUG-T0.5,20,2022-08-11T19:51:18.406476Z,22,78,no
997,66f7b3b6-785d-4578-a93d-5155b8dd93cd,CPICORE-22AUG-T0.5,68,2022-08-11T19:51:18.406476Z,28,72,no
