,trade_id,ticker,count,created_time,yes_price,no_price,taker_side
0,b6c359e5-cfb7-41d1-a733-a7d830300a90,FED-25JAN-T3.25,233,2025-01-18T21:48:40.575621Z,98,2,no
1,a857fd8c-21e5-41c3-86e7-f0ab2c6c5cc6,FED-25JAN-T3.25,6135,2024-12-31T22:24:09.341946Z,99,1,no
2,b2b2d126-0f20-4974-ba24-e67107bc6757,FED-25JAN-T3.25,300,2024-03-21T12:10:53.85606Z,94,6,yes
3,42b004f0-2555-4959-854e-4c4081aaf51f,FED-25JAN-T3.25,3000,2024-03-21T12:10:53.85606Z,95,5,yes
4,e7c6c775-4e32-4632-ada4-4d4565049b52,FED-25JAN-T3.25,1700,2024-03-15T12:53:16.930011Z,94,6,yes
5,45d9d7be-1b3b-4412-92ea-fa26b16e8194,FED-25JAN-T3.25,800,2024-03-15T12:53:16.930011Z,93,7,yes
6,ae1bff6a-f542-4360-b80d-5530122d7c53,FED-25JAN-T3.25,200,2024-03-15T12:53:15.630354Z,93,7,yes
7,d2e49f36-4e0c-4cc9-9bc3-95646291feb0,FED-25JAN-T3.25,5,2024-03-08T16:21:53.018129Z,92,8,no
8,5f0987b6-6608-4b61-8c6c-83bd12c5166e,FED-25JAN-T3.25,5,2024-03-06T14:05:16.654818Z,92,8,yes
9,4da41b03-3276-439e-93b8-ad9ced6e83b9,FED-25JAN-T3.25,135,2023-11-19T01:42:35.429777Z,86,14,no
10,9577f36a-b324-4190-824d-35db7859eb71,FED-25JAN-T3.50,200,2025-01-29T14:08:45.648207Z,99,1,no
11,ae89c54f-9675-475b-b322-2e395b217aeb,FED-25JAN-T3.50,2545,2024-12-31T22:24:21.877011Z,99,1,no
12,a655e7cb-f118-4582-ba54-e5738030dc68,FED-25JAN-T3.50,1000,2024-12-05T15:39:03.14251Z,98,2,yes
13,07533848-40fa-4a8a-b4e5-56ab194d5092,FED-25JAN-T3.50,1000,2024-12-05T15:35:37.85692Z,98,2,yes
14,c7693caa-faa1-4797-a3e6-183f68d85f57,FED-25JAN-T3.50,300,2024-12-02T20:20:40.18161Z,97,3,yes
15,cd7b1679-0108-453f-897e-e81f2d8cdff2,FED-25JAN-T3.50,5,2024-11-21T18:53:07.801739Z,97,3,yes
16,ed614807-cb63-4836-8425-00ce16ec7ec5,FED-25JAN-T3.50,1500,2024-03-15T12:53:11.32762Z,94,6,yes
17,a00f9af8-338e-451d-9fb0-6f082bbf69f8,FED-25JAN-T3.50,1000,2024-03-15T12:53:11.32762Z,93,7,yes
18,6d63704a-1dde-434c-8441-cef444c254a9,FED-25JAN-T3.50,5,2024-03-06T14:05:16.668569Z,90,10,yes
19,b06fd6ae-c791-40ca-9de8-5aa735caf20f,FED-25JAN-T3.50,5,2024-02-29T14:07:40.688615Z,92,8,no
20,889f365a-72a0-40de-b063-c0675468bec1,FED-25JAN-T3.50,1320,2024-02-22T22:09:04.426403Z,81,19,no
21,6e60d3b4-9c2b-4d3d-a2bd-56a1c0551289,FED-25JAN-T3.50,280,2024-02-22T22:08:54.786003Z,82,18,no
22,b8a8985e-5376-4254-8a51-61122ef9ba12,FED-25JAN-T3.50,500,2024-02-13T18:00:15.153119Z,79,21,yes
23,f3d5c583-793d-47dd-84c0-85d7ecf2cc8a,FED-25JAN-T3.50,1000,2024-01-31T20:27:30.238397Z,77,23,yes
24,12a0557d-fbfc-4a3a-b4a6-d63115b52e2d,FED-25JAN-T3.50,500,2024-01-15T18:59:59.619646Z,76,24,yes
25,0456d00a-4782-413a-b225-546c7d2d494d,FED-25JAN-T3.50,100,2024-01-11T17:32:55.200104Z,77,23,yes
26,3b86b1e3-952a-496b-850f-5f8fa4f08f9e,FED-25JAN-T3.50,45,2023-11-19T01:42:42.554907Z,85,15,no
27,08d6f78c-4d8f-4965-95f4-cd30356903d1,FED-25JAN-T3.50,180,2023-09-13T13:50:27.960721Z,86,14,yes
28,1fc6a6c8-223f-44c4-8a04-62e72b7badb2,FED-25JAN-T3.50,320,2023-09-13T13:50:19.247399Z,86,14,yes
29,f2464c83-94a9-47d0-ae0c-4f6fdee19f4f,FED-25JAN-T3.75,500,2024-12-31T22:24:57.107345Z,99,1,no
30,ee82562e-e1d4-495a-8568-58e0862c212a,FED-25JAN-T3.75,400,2024-11-21T18:47:02.226952Z,95,5,no
31,86579377-8f3b-4a0f-b41a-a66da68589e3,FED-25JAN-T3.75,400,2024-10-04T16:41:56.723416Z,87,13,yes
32,0785215c-0e92-4547-8f81-faf364f1fe96,FED-25JAN-T3.75,400,2024-10-04T16:15:18.095544Z,85,15,yes
33,0149a440-da9d-4f86-a1c4-d51c14a24d1d,FED-25JAN-T3.75,200,2024-03-15T12:53:15.627184Z,94,6,no
34,f0074d30-af5d-4bd0-bd93-4c69d9da78f6,FED-25JAN-T3.75,436,2024-03-15T12:53:15.569639Z,88,12,yes
35,8c153c1f-dedb-4d6b-92ca-d7b4a8e28a50,FED-25JAN-T3.75,64,2024-03-08T13:00:06.948937Z,88,12,yes
36,dee8db74-138a-4d7e-b45b-3140665fe054,FED-25JAN-T3.75,100,2024-02-22T15:37:21.368908Z,72,28,yes
37,936a814e-3813-4f22-b5bc-59bdf9986ef1,FED-25JAN-T3.75,1,2024-02-22T15:37:21.368908Z,81,19,yes
38,4fafc995-11e3-43fb-a1c9-e0375db420e0,FED-25JAN-T3.75,4,2024-02-22T15:37:21.368908Z,81,19,yes
39,1f4e55d4-7f0e-4733-95e6-b7961f27a0a9,FED-25JAN-T3.75,800,2024-02-22T15:37:21.350726Z,72,28,yes
40,13db9232-5981-4fbd-8427-9b1cda3e9c15,FED-25JAN-T3.75,200,2024-02-22T15:37:21.128614Z,72,28,yes
41,d093cb69-c7b9-4e85-97fd-95199ed75a95,FED-25JAN-T3.75,720,2024-02-13T21:21:38.535087Z,73,27,yes
42,4b305265-e171-464b-8ec1-8f72721ddc5d,FED-25JAN-T3.75,480,2024-02-13T20:17:37.443527Z,72,28,no
43,d8f0590b-93a3-49a3-ac47-2a5ef0837ad0,FED-25JAN-T3.75,400,2024-02-13T18:00:02.699931Z,72,28,yes
44,365b2037-30e3-465d-88f8-ba3305346d9a,FED-25JAN-T3.75,500,2024-01-05T17:28:46.186161Z,66,34,yes
45,3ce348cc-3ea8-4eb4-829c-a06c09148a45,FED-25JAN-T3.75,600,2024-01-04T17:26:34.176417Z,67,33,yes
46,1f35ed40-2a89-48dc-a8b5-0251e87df840,FED-25JAN-T3.75,15,2024-01-02T20:58:44.624013Z,66,34,yes
47,ade31455-11f8-4d91-b38b-1fbd839e137d,FED-25JAN-T3.75,1600,2023-12-06T18:55:03.160148Z,75,25,no
48,83f3aa41-1b2b-4caf-b40f-637a1d92f2ab,FED-25JAN-T4.00,1000,2025-01-29T14:10:27.154669Z,99,1,no
49,898b2298-cf4e-4590-a92d-c8e68b61b678,FED-25JAN-T4.00,4000,2025-01-27T14:27:34.220756Z,99,1,no
50,969577e3-5ca8-4cf9-8266-8158d33cd75d,FED-25JAN-T4.00,11,2025-01-22T07:13:32.8257Z,99,1,no
51,75580359-3d37-4d77-9763-cffc7409f217,FED-25JAN-T4.00,257,2025-01-15T00:24:09.241055Z,99,1,yes
52,6ed9390f-15eb-4d50-896d-2be8d8dc279f,FED-25JAN-T4.00,233,2025-01-13T20:27:27.691416Z,98,2,no
53,e8336b3e-db6c-47b1-9734-bc427e383e26,FED-25JAN-T4.00,1000,2025-01-10T20:21:50.73552Z,99,1,no
54,67aea981-6f97-4525-ae6d-2e8c0fbe3278,FED-25JAN-T4.00,1859,2025-01-10T20:21:50.73552Z,99,1,no
55,56a8e078-18b2-471a-b0a7-5cf464a4aeed,FED-25JAN-T4.00,1500,2025-01-10T20:21:50.73552Z,99,1,no
56,7b02f2e2-f325-448d-a57e-6ef1ebe44d96,FED-25JAN-T4.00,141,2025-01-10T06:30:33.770736Z,99,1,no
57,78bed344-b49d-4cbd-8131-c83d0539e189,FED-25JAN-T4.00,2000,2025-01-06T20:33:16.844248Z,99,1,yes
58,a9f37285-5608-45a3-8ec1-4690bfe99735,FED-25JAN-T4.00,226,2025-01-06T04:51:07.795481Z,97,3,no
59,760599c2-dbee-4a89-9231-22e3fee71cbb,FED-25JAN-T4.00,2000,2025-01-06T04:51:07.795481Z,98,2,no
60,28e07a47-e668-40a3-9212-6f296b8e7e09,FED-25JAN-T4.00,31,2025-01-04T00:30:10.619043Z,97,3,no
61,ddaa26f2-dac4-441e-a9d8-34ffb4808172,FED-25JAN-T4.00,154,2025-01-03T03:53:49.357217Z,96,4,no
62,64f7fca2-0892-4272-9067-2072e078b1bd,FED-25JAN-T4.00,376,2025-01-03T03:53:49.357217Z,97,3,no
63,50ee3e5e-c140-4382-9879-8b8022c3f6cc,FED-25JAN-T4.00,700,2025-01-03T03:53:49.357217Z,97,3,no
64,3ff2350f-aeba-4b43-8961-1da2aa93f7d4,FED-25JAN-T4.00,174,2025-01-03T03:53:49.357217Z,98,2,no
65,28f0c663-1e72-4887-bdb6-39995e13423a,FED-25JAN-T4.00,122,2025-01-03T03:53:49.357217Z,96,4,no
66,f7413fc5-3f01-4c2e-8669-670edc17419b,FED-25JAN-T4.00,900,2025-01-01T14:46:27.562563Z,99,1,yes
67,74b8f5f6-c880-441e-9ee5-423f0ba463a0,FED-25JAN-T4.00,1000,2025-01-01T14:46:27.562563Z,99,1,yes
68,f889e6ea-b7bc-4b74-bd1f-38a05f15454c,FED-25JAN-T4.00,368,2025-01-01T13:15:36.75558Z,97,3,no
69,1a0cb970-952c-4ea9-a9c0-8be2d7ba26ae,FED-25JAN-T4.00,100,2025-01-01T01:11:55.24211Z,97,3,no
70,7791dfaf-6a30-4ce4-9028-0cf81a1268cc,FED-25JAN-T4.00,100,2024-12-30T21:00:17.754199Z,99,1,yes
71,d5667a26-47d6-4705-a23b-443ad46547c9,FED-25JAN-T4.00,101,2024-12-21T23:32:46.190892Z,98,2,yes
72,0a21262d-162b-4474-902c-f782924d79f2,FED-25JAN-T4.00,156,2024-12-19T19:32:34.975462Z,97,3,no
73,c0dce9a9-e55d-45ae-b1b3-6da0c5b7c7c2,FED-25JAN-T4.00,46,2024-12-19T00:19:03.767329Z,96,4,no
74,93f8066e-8dcd-4437-8ee5-1c0806a634f8,FED-25JAN-T4.00,100,2024-12-19T00:10:41.26699Z,96,4,no
75,46a9da35-066e-4e90-aecc-c019a94bac52,FED-25JAN-T4.00,3500,2024-12-17T20:57:50.722514Z,97,3,yes
76,409f0f91-3cd6-47db-a05d-dca0d328b992,FED-25JAN-T4.00,100,2024-12-17T20:41:25.825889Z,96,4,yes
77,0b6dabe3-2be3-4ae6-a71b-c6ddba3cab8c,FED-25JAN-T4.00,1000,2024-12-16T17:40:57.713045Z,96,4,yes
78,7575a9bd-17d2-49f1-8383-ee42ab346dee,FED-25JAN-T4.00,10,2024-12-08T17:08:03.603909Z,95,5,yes
79,2114e5c0-7312-466f-a279-a1664dbdad25,FED-25JAN-T4.00,10,2024-12-08T17:08:03.603909Z,94,6,yes
80,1ed40eb1-821d-4c72-9fc9-5a684960f0af,FED-25JAN-T4.00,300,2024-12-03T20:59:05.449527Z,92,8,yes
81,94e39024-4246-404a-8960-40201018d8f2,FED-25JAN-T4.00,700,2024-11-30T21:04:44.156347Z,94,6,yes
82,798d1268-4e1d-49d1-ba52-e042f38496a7,FED-25JAN-T4.00,1000,2024-11-28T17:22:12.348334Z,93,7,yes
83,54096797-a702-4948-b530-fb651edbc6f6,FED-25JAN-T4.00,600,2024-11-27T16:40:14.295696Z,92,8,yes
84,25b95425-435e-4f13-ba81-4c0e78e2d580,FED-25JAN-T4.00,900,2024-11-26T20:32:34.419467Z,90,10,no
85,5f55b8d3-f07c-405a-8c2a-5992dacc76d8,FED-25JAN-T4.00,1000,2024-11-25T14:13:55.774417Z,94,6,yes
86,d9bd2402-9a6a-4194-84f3-49bb98aedcf0,FED-25JAN-T4.00,750,2024-11-23T15:39:30.938335Z,94,6,yes
87,95d89262-0691-47d3-8804-b11cfe8ec9be,FED-25JAN-T4.00,250,2024-11-23T15:39:30.938335Z,94,6,yes
88,cce1832d-1dbc-4c7f-92e8-f7a4f48b9492,FED-25JAN-T4.00,250,2024-11-23T15:23:23.8256Z,94,6,yes
89,6b67e521-0807-4d98-a792-c600fda6a57e,FED-25JAN-T4.00,5000,2024-11-21T18:47:19.066774Z,91,9,no
90,8b4c3388-b849-4348-bdd6-347f2880e336,FED-25JAN-T4.00,8,2024-11-04T20:33:58.134396Z,81,19,yes
91,c8c89e0c-2e73-42e6-91bc-d36e0c308bfa,FED-25JAN-T4.00,1200,2024-10-22T05:15:54.857775Z,78,22,no
92,30bfa1fa-63d4-406d-89b5-569bd67f0d9a,FED-25JAN-T4.00,5,2024-10-08T19:58:52.48241Z,71,29,no
93,38b17b87-9318-4d38-957d-15580c612b44,FED-25JAN-T4.00,500,2024-10-04T16:41:44.100181Z,68,32,yes
94,6b7e6bc2-9989-4b9c-a8ac-2a85995cb85c,FED-25JAN-T4.00,100,2024-10-03T20:03:15.810275Z,83,17,yes
95,00eec9e5-108a-45d1-89f0-c41757e03633,FED-25JAN-T4.00,100,2024-10-03T00:14:26.676226Z,68,32,no
96,f7b879fa-8846-4871-9d02-3d430178dd30,FED-25JAN-T4.00,400,2024-10-03T00:08:34.828722Z,71,29,no
97,e163f960-2272-4a49-b665-e46298b1a411,FED-25JAN-T4.00,300,2024-10-01T20:53:34.251671Z,73,27,yes
98,5d6334fc-9705-4d7f-8e23-507001768903,FED-25JAN-T4.00,100,2024-10-01T20:53:24.776566Z,73,27,yes
99,28dfc073-d81f-45a3-9b02-abd6ae548dfc,FED-25JAN-T4.00,100,2024-10-01T20:53:09.72177Z,72,28,yes
100,e292cb37-f22f-4d97-a038-712663e76ee0,FED-25JAN-T4.00,200,2024-10-01T20:43:14.932378Z,72,28,yes
101,fc2d5674-ae89-48de-ab90-279da127bd04,FED-25JAN-T4.00,23,2024-09-24T02:23:05.817144Z,50,50,no
102,f9040387-aa75-406c-89a6-40317221cf1a,FED-25JAN-T4.00,1,2024-09-24T02:23:05.817144Z,55,45,no
103,f86b527d-c3dd-4a60-9ae2-f5cbafd17238,FED-25JAN-T4.00,52,2024-09-24T02:23:05.817144Z,53,47,no
104,e8907b1b-8566-4101-b0ac-52aed84faf68,FED-25JAN-T4.00,16,2024-09-24T02:23:05.817144Z,56,44,no
105,e3556f7c-c3bb-422f-8894-514c5171132d,FED-25JAN-T4.00,44,2024-09-24T02:23:05.817144Z,54,46,no
106,dead1783-9483-4370-b4c5-2cc621345d48,FED-25JAN-T4.00,11,2024-09-24T02:23:05.817144Z,56,44,no
107,d22519e3-d5f8-4e4f-85f5-743ba32d95d2,FED-25JAN-T4.00,3,2024-09-24T02:23:05.817144Z,51,49,no
108,ce1e992e-bf21-4dbf-bf99-48b59873813e,FED-25JAN-T4.00,2,2024-09-24T02:23:05.817144Z,52,48,no
109,bcfa4b4e-46f2-4560-8de3-d85b6b8ed577,FED-25JAN-T4.00,1,2024-09-24T02:23:05.817144Z,55,45,no
110,bb4b0141-a42a-4bb4-bd3c-94c66b1bcdb2,FED-25JAN-T4.00,41,2024-09-24T02:23:05.817144Z,55,45,no
111,bac24bb1-2787-496a-adb7-0ad43b2a49fb,FED-25JAN-T4.00,8,2024-09-24T02:23:05.817144Z,55,45,no
112,b73399bf-cbd5-4117-b679-28564d29b884,FED-25JAN-T4.00,41,2024-09-24T02:23:05.817144Z,52,48,no
113,b332207f-7941-4d98-9ff7-7ed91ccaebdd,FED-25JAN-T4.00,3,2024-09-24T02:23:05.817144Z,50,50,no
114,a42f2b31-fbed-4de4-bd64-0c09aa22480c,FED-25JAN-T4.00,1,2024-09-24T02:23:05.817144Z,53,47,no
115,954a434f-4f63-4de8-aa02-b9edf67dfe90,FED-25JAN-T4.00,2,2024-09-24T02:23:05.817144Z,52,48,no
116,954770b2-8992-42f5-8bd4-9c3cabaca550,FED-25JAN-T4.00,2,2024-09-24T02:23:05.817144Z,51,49,no
117,8a7de33a-c4f5-400b-9e25-8eb2cd3305d6,FED-25JAN-T4.00,30,2024-09-24T02:23:05.817144Z,55,45,no
118,87a54e57-8bfa-4f9d-9cd7-1c601d93e016,FED-25JAN-T4.00,39,2024-09-24T02:23:05.817144Z,53,47,no
119,6f4f5562-ab91-434a-9392-02158c08597a,FED-25JAN-T4.00,48,2024-09-24T02:23:05.817144Z,51,49,no
120,6f09b25f-5c61-4fe5-bebf-f2857e4e9f4e,FED-25JAN-T4.00,33,2024-09-24T02:23:05.817144Z,54,46,no
121,698f2d5b-cd81-47fd-96c1-bc7b6ec49f3c,FED-25JAN-T4.00,1,2024-09-24T02:23:05.817144Z,54,46,no
122,693778a8-3713-4a76-bf56-abf26bef4a9f,FED-25JAN-T4.00,1,2024-09-24T02:23:05.817144Z,54,46,no
123,4db6dde8-0fb3-4fb7-bb21-8f269e1ef796,FED-25JAN-T4.00,2,2024-09-24T02:23:05.817144Z,53,47,no
124,3ca63580-aa11-4784-85fb-a556d18e9601,FED-25JAN-T4.00,68,2024-09-24T02:23:05.817144Z,50,50,no
125,34d2ce22-4bdd-46f8-8588-cb57f7597590,FED-25JAN-T4.00,1,2024-09-24T02:23:05.817144Z,55,45,no
126,292335e1-629e-481a-826f-6ce5e406e631,FED-25JAN-T4.00,300,2024-09-24T02:23:05.817144Z,63,37,no
127,15cac7d6-9d0f-4205-a54d-b74ef640d344,FED-25JAN-T4.00,2,2024-09-24T02:23:05.817144Z,55,45,no
128,05df3ddf-6f04-4c05-83da-f319d0ed4e0e,FED-25JAN-T4.00,55,2024-09-24T02:23:05.817144Z,52,48,no
129,028cc5b5-c5cd-4672-a584-67c589106e71,FED-25JAN-T4.00,64,2024-09-24T02:23:05.817144Z,51,49,no
130,800785d3-19e7-41d0-bd9e-cebc8cf4f50e,FED-25JAN-T4.00,200,2024-09-20T13:35:12.871674Z,66,34,no
131,0802dcee-7766-4e77-ac69-e8cae9ffe78b,FED-25JAN-T4.00,100,2024-09-20T13:24:48.823442Z,71,29,no
132,5e3dbde9-8832-46bc-b55a-722b9f77f3f3,FED-25JAN-T4.00,50,2024-09-20T13:04:49.364129Z,73,27,yes
133,e2d8fabf-c43c-40a7-bf9d-769d57470ffa,FED-25JAN-T4.00,150,2024-09-19T22:16:09.476994Z,73,27,yes
134,ae0c604d-eae4-42fb-8d1d-d9c2b6ff455c,FED-25JAN-T4.00,400,2024-09-18T01:09:44.8039Z,69,31,yes
135,a4b3595b-53d2-4782-bf77-b3aebed31975,FED-25JAN-T4.00,100,2024-09-14T00:25:22.349121Z,75,25,yes
136,f79d92b9-c225-4e3a-adfd-f2107c69466a,FED-25JAN-T4.00,100,2024-09-07T15:30:59.440722Z,73,27,yes
137,765330ad-a56a-47a1-8355-90fe8920f103,FED-25JAN-T4.00,400,2024-08-28T13:34:45.226473Z,75,25,yes
138,2342ee1d-ea6c-40ac-9ba6-74f3bcbb4ed2,FED-25JAN-T4.00,600,2024-08-27T13:38:37.855734Z,72,28,yes
139,1ec7de65-0566-4859-bdf5-9ad27a862144,FED-25JAN-T4.00,750,2024-08-27T13:38:37.855734Z,73,27,yes
140,f7716b7f-2c35-4250-b6cd-1de265fc42bc,FED-25JAN-T4.00,200,2024-08-26T22:52:39.033443Z,72,28,yes
141,c81c31e6-faed-4f6d-b577-9f81b3ad2fdc,FED-25JAN-T4.00,1000,2024-08-24T15:05:54.516223Z,70,30,yes
142,ffc2da5f-96c8-4c2e-b2fb-ecc6bd29ff6c,FED-25JAN-T4.00,400,2024-08-23T01:09:18.079517Z,72,28,yes
143,e193c7a2-b29a-48af-8799-332ff3f559a7,FED-25JAN-T4.00,500,2024-08-22T19:51:44.45973Z,70,30,yes
144,f23732b3-38c9-430c-8554-1a2792a05499,FED-25JAN-T4.00,95,2024-08-21T22:13:47.668927Z,65,35,yes
145,a69622ee-2ec2-4ac5-8d02-c0bda32a4d14,FED-25JAN-T4.00,1500,2024-08-21T22:13:47.668927Z,67,33,yes
146,e5c8b342-81ba-4078-b6be-17353cdc7a63,FED-25JAN-T4.00,5,2024-08-21T21:30:07.873703Z,65,35,yes
147,00792a81-4982-4990-bb61-6074a73b04d7,FED-25JAN-T4.00,30,2024-08-21T20:38:36.677606Z,64,36,yes
148,3d794667-62d4-47af-9dae-e730eb263b91,FED-25JAN-T4.00,1000,2024-08-14T14:59:45.359818Z,55,45,yes
149,3d7fe0f2-1694-4e62-ac87-c2b8c2048ac5,FED-25JAN-T4.00,800,2024-08-14T13:25:27.537753Z,53,47,yes
150,bd290804-bcbd-4bef-98a9-de39c117303a,FED-25JAN-T4.00,200,2024-08-14T13:24:54.717548Z,52,48,yes
151,8cd98154-877e-4b77-b69e-02519b983823,FED-25JAN-T4.00,600,2024-08-14T13:24:31.421938Z,51,49,yes
152,21043db2-d12c-49ac-a874-748cb3d89859,FED-25JAN-T4.00,200,2024-08-14T12:52:01.630899Z,53,47,yes
153,63c0fc6e-346b-4c5b-a653-923c46b89af4,FED-25JAN-T4.00,200,2024-08-13T12:51:36.815727Z,52,48,yes
154,5a89ea5a-8982-4992-9f4f-4e056c301dba,FED-25JAN-T4.00,300,2024-08-13T12:51:36.815727Z,53,47,yes
155,3ee378c3-685b-4166-acd6-d1e4d9cc0ea4,FED-25JAN-T4.00,5,2024-05-31T21:40:36.664832Z,95,5,yes
156,bf9383dc-94b7-4dde-b50e-302fa3adf450,FED-25JAN-T4.00,2000,2024-04-22T14:32:58.952389Z,95,5,yes
157,35b55c0f-2c08-4048-8a61-2ee0b0373b98,FED-25JAN-T4.00,2500,2024-04-22T14:32:58.952389Z,97,3,yes
158,f6fea1ba-5ce4-4e51-b481-d4ca720b92b4,FED-25JAN-T4.00,70,2024-04-02T12:00:07.314721Z,93,7,yes
159,f4d93d29-be37-4c9d-8b0e-0913c998b162,FED-25JAN-T4.00,70,2024-04-02T12:00:07.314721Z,94,6,yes
160,08a2e3b2-4c5e-4303-8bc0-e9d4be592258,FED-25JAN-T4.00,21,2024-04-02T12:00:07.314721Z,92,8,yes
161,55332b2f-b0d1-4b26-8382-4b159308f7d9,FED-25JAN-T4.00,1,2024-03-15T17:40:38.787206Z,88,12,no
162,0e01a8ce-d161-4955-ae41-9703c9d2fdf2,FED-25JAN-T4.00,200,2024-02-22T15:37:21.120416Z,77,23,no
163,fb800bb7-2063-4f21-a109-613dbe32e22b,FED-25JAN-T4.00,10,2024-02-22T15:37:21.062646Z,72,28,yes
164,1d0aac29-783e-4cc6-bf47-ee52edc550b0,FED-25JAN-T4.00,240,2024-02-13T20:17:37.487638Z,60,40,no
165,62ceee66-12b8-432f-adcc-f0da02ee3ee5,FED-25JAN-T4.00,400,2024-02-13T17:59:54.855771Z,60,40,yes
166,319ab60c-5d59-4fde-bf26-433a0d8d993d,FED-25JAN-T4.00,15,2024-01-02T20:57:50.641179Z,52,48,yes
167,6425f35e-2458-4853-aac7-2f2e4d17792d,FED-25JAN-T4.00,640,2023-12-06T18:45:29.530692Z,64,36,no
168,9fe082d9-8017-4319-8710-597793bc6aae,FED-25JAN-T4.25,390,2025-01-29T16:29:16.237353Z,99,1,no
169,8d96ff7e-5e39-4413-9122-d457cf50bc2b,FED-25JAN-T4.25,1423,2025-01-29T16:29:16.237353Z,98,2,no
170,08986ad3-4f73-4e40-a162-d90ae6bf852c,FED-25JAN-T4.25,720,2025-01-29T16:29:16.237353Z,98,2,no
171,64f11044-34e2-4e65-ad4b-9181133f303b,FED-25JAN-T4.25,100,2025-01-29T16:14:23.270563Z,99,1,no
172,a427ed0e-02bd-4559-9d4e-d6b56d600d7a,FED-25JAN-T4.25,1041,2025-01-28T15:48:13.046138Z,99,1,yes
173,dbdced81-fdc9-4a9a-9d86-522e20705b3c,FED-25JAN-T4.25,10,2025-01-28T13:30:00.117848Z,99,1,no
174,ed78f6f8-fada-4c9c-8cac-92771f4b2f4a,FED-25JAN-T4.25,33,2025-01-27T15:55:29.285526Z,97,3,yes
175,db7c884f-3453-4d1b-8e33-98c191babc7e,FED-25JAN-T4.25,2000,2025-01-27T14:20:38.028705Z,98,2,no
176,c72e875b-2015-4a88-9c64-2ea864f70ae3,FED-25JAN-T4.25,1,2025-01-27T14:20:38.028705Z,98,2,no
177,2b833c03-ff9d-45ec-856e-1866a94f506e,FED-25JAN-T4.25,1470,2025-01-27T14:20:38.028705Z,98,2,no
178,148b94e5-4e89-4397-a956-3e0a8e05d8b6,FED-25JAN-T4.25,5000,2025-01-27T14:20:38.028705Z,98,2,no
179,cbe9289c-9874-484d-8772-135ee458d2ab,FED-25JAN-T4.25,30,2025-01-26T16:39:30.078245Z,98,2,no
180,d379ba6d-167b-4aca-a66a-09bd75ae7862,FED-25JAN-T4.25,10,2025-01-24T14:21:48.421786Z,99,1,no
181,fd5a2357-1b7c-4209-982c-6ca140f58ae8,FED-25JAN-T4.25,15,2025-01-22T07:11:59.145974Z,98,2,no
182,90129a5f-ac35-4cf3-9e6d-27a6b6310083,FED-25JAN-T4.25,3155,2025-01-21T19:05:17.112445Z,99,1,yes
183,842a9a46-29a9-417c-a97f-d923bf388259,FED-25JAN-T4.25,4167,2025-01-21T18:49:29.311808Z,99,1,yes
184,5ed5f31c-545f-44a6-bb2e-5b5d288662c9,FED-25JAN-T4.25,858,2025-01-21T16:04:43.197297Z,99,1,yes
185,d5e306eb-b30d-4f19-a38f-1457f62d612d,FED-25JAN-T4.25,1042,2025-01-17T20:35:17.091382Z,99,1,yes
186,85278c57-fa41-4154-841c-7a902a8878b9,FED-25JAN-T4.25,156,2025-01-13T20:27:52.865116Z,97,3,no
187,4c4f62fe-b428-430a-80c8-cc43743f1db1,FED-25JAN-T4.25,10405,2025-01-13T13:48:36.695Z,98,2,no
188,8a12b9be-d5a9-45b0-963f-12d86b0277d2,FED-25JAN-T4.25,10,2025-01-13T04:26:59.134401Z,98,2,no
189,55b89413-545c-4559-b320-c8ea25c7c271,FED-25JAN-T4.25,10,2025-01-11T05:46:36.496712Z,99,1,yes
190,4b377a91-bbd1-4d59-b3b1-969ea65e446c,FED-25JAN-T4.25,10,2025-01-10T15:39:46.86795Z,97,3,no
191,9d3510aa-b196-4191-ab53-7f70ae3a736c,FED-25JAN-T4.25,10,2025-01-10T14:08:43.958842Z,98,2,yes
192,f5b700b0-c1e9-41f2-8bc1-d2cf86b22a60,FED-25JAN-T4.25,585,2025-01-10T13:43:34.183766Z,96,4,no
193,fec0a231-13a3-4cea-80cc-732ad5f72922,FED-25JAN-T4.25,1495,2025-01-10T13:30:46.112494Z,96,4,yes
194,d1fe0461-0a5e-41c8-bc64-13a0c94d2eef,FED-25JAN-T4.25,1,2025-01-10T06:50:02.745501Z,94,6,no
195,d39757c1-36e5-46b5-b2df-4d9d7ef24e26,FED-25JAN-T4.25,1,2025-01-10T06:49:55.175157Z,96,4,yes
196,6e622950-48e8-4207-8801-34de8f98599d,FED-25JAN-T4.25,1,2025-01-10T06:46:29.988844Z,94,6,no
197,4b81ea06-9b53-4d9d-805e-81c1dcd35cab,FED-25JAN-T4.25,1,2025-01-10T06:46:23.842884Z,96,4,yes
198,f14a4296-dc49-4fa7-af98-ea5a39e11dea,FED-25JAN-T4.25,1,2025-01-10T06:38:48.460096Z,94,6,no
199,39530307-6872-4d33-8289-05b32ed269a0,FED-25JAN-T4.25,1,2025-01-10T06:38:41.244491Z,96,4,yes
200,2bdae886-6b06-485c-b880-043dd66733e3,FED-25JAN-T4.25,1,2025-01-10T06:37:39.113985Z,94,6,no
201,6b2b7d28-85b7-4353-b79e-500291dddac9,FED-25JAN-T4.25,1,2025-01-10T06:37:28.533588Z,96,4,yes
202,152b0743-e943-490a-88dc-d103bd0de60f,FED-25JAN-T4.25,1,2025-01-10T06:30:30.155089Z,94,6,no
203,d0e36f59-0c09-46fc-88d6-d8de3d79609c,FED-25JAN-T4.25,1,2025-01-10T06:30:16.631042Z,96,4,yes
204,d807deba-4056-4448-bde1-885f01511ea0,FED-25JAN-T4.25,1042,2025-01-08T16:39:22.074598Z,93,7,no
205,bace2a27-330b-4a09-a6f7-bb45927d0fd4,FED-25JAN-T4.25,1042,2025-01-08T16:39:22.074598Z,93,7,no
206,3d987ece-304b-427a-89db-d361e4aa9bd4,FED-25JAN-T4.25,11269,2025-01-08T16:39:22.074598Z,93,7,no
207,b774f97b-3c2b-4d09-bf10-eb26898febb4,FED-25JAN-T4.25,1042,2025-01-08T14:10:20.032154Z,94,6,yes
208,dafeadcd-6ec5-493c-a9df-31804a69fb21,FED-25JAN-T4.25,200,2025-01-08T13:30:34.393863Z,96,4,yes
209,e946d5e9-e093-4b88-86e9-ca1b0c88bdba,FED-25JAN-T4.25,200,2025-01-08T13:28:44.992638Z,95,5,yes
210,11b0b05f-2a19-4295-a2e7-3746ec48d948,FED-25JAN-T4.25,1,2025-01-08T01:05:39.459033Z,93,7,no
211,d358bdc7-9507-43a9-9131-5ceacd66e9e7,FED-25JAN-T4.25,10,2025-01-07T19:04:52.488614Z,95,5,yes
212,36d59a1b-de62-4428-849c-f5e2ddee1fb1,FED-25JAN-T4.25,2,2025-01-07T13:00:00.261343Z,94,6,no
213,e6d72d38-4d16-4c3f-b679-c5fb012c4c35,FED-25JAN-T4.25,98,2025-01-07T02:23:30.300983Z,94,6,yes
214,5e58d061-1894-4371-977b-5317e1a48799,FED-25JAN-T4.25,21,2025-01-05T17:58:59.049619Z,94,6,yes
215,509a3788-e797-4c56-8153-1420b880ed60,FED-25JAN-T4.25,1,2025-01-05T07:40:59.391578Z,94,6,yes
216,1e9bd54d-59bd-4504-b729-f144c62fc18a,FED-25JAN-T4.25,10,2025-01-05T00:12:47.130925Z,91,9,no
217,424d84e8-57fb-41b8-9122-59abd24b005f,FED-25JAN-T4.25,1000,2025-01-03T14:21:11.276518Z,94,6,no
218,7caaebd2-37fb-4bca-afea-82782a8e7626,FED-25JAN-T4.25,1000,2025-01-03T14:21:02.818303Z,94,6,yes
219,667fb022-dd87-40c3-8bc1-8302d116b24c,FED-25JAN-T4.25,250,2025-01-03T14:21:02.818303Z,94,6,yes
220,3f21ed68-d33d-4c3d-a882-c2229c807074,FED-25JAN-T4.25,2000,2025-01-03T14:21:02.818303Z,94,6,yes
221,929b166c-4abb-4f21-a159-af28c42b9741,FED-25JAN-T4.25,500,2025-01-03T14:07:56.496033Z,93,7,no
222,c90eeeb2-eccc-4f58-9d0b-21914c02c9ae,FED-25JAN-T4.25,78,2025-01-03T13:59:25.830576Z,92,8,yes
223,b8cb67b5-327d-4a35-8d98-65c6d2963917,FED-25JAN-T4.25,9,2025-01-03T13:59:25.830576Z,94,6,yes
224,841b2352-2c90-4a38-88dd-1f2bc4c1f241,FED-25JAN-T4.25,591,2025-01-03T13:59:25.830576Z,94,6,yes
225,74041525-c259-4b48-94f1-8f98e11b7dec,FED-25JAN-T4.25,400,2025-01-03T13:59:25.830576Z,94,6,yes
226,563cd570-cc6b-4c2a-81a3-141a16bf3f79,FED-25JAN-T4.25,200,2025-01-03T13:59:25.830576Z,93,7,yes
227,f47aa41b-0e35-4757-af2e-2bfca8937564,FED-25JAN-T4.25,5,2025-01-02T21:45:14.812427Z,91,9,yes
228,e29ea62f-8e47-4d49-bdb5-8264b597578b,FED-25JAN-T4.25,1,2025-01-02T20:32:25.89331Z,92,8,yes
229,52cf9798-0f4d-4e55-afbf-7db18f25effb,FED-25JAN-T4.25,39,2025-01-02T16:07:51.213889Z,88,12,no
230,f581e562-0bea-4227-aa27-ee3cf1f3e54e,FED-25JAN-T4.25,1,2025-01-01T14:38:50.230347Z,93,7,yes
231,6e519629-859a-4651-800f-c94f34c042a7,FED-25JAN-T4.25,9,2025-01-01T14:38:50.230347Z,94,6,yes
232,0a152565-daa3-43b8-90c8-7fbd0bec5715,FED-25JAN-T4.25,25,2024-12-30T14:47:11.894281Z,88,12,no
233,11fcebe1-7b8e-4c58-afab-35e0bca2aed7,FED-25JAN-T4.25,29,2024-12-30T14:41:11.201065Z,87,13,no
234,e1c00c41-17ea-4516-acba-15af8f6f6ac1,FED-25JAN-T4.25,1,2024-12-30T06:37:37.411317Z,93,7,yes
235,de574bdb-0629-4827-bea0-a3ac54c09408,FED-25JAN-T4.25,74,2024-12-27T22:21:12.316068Z,88,12,no
236,8b4ae273-f625-4043-b343-8b7d95be1b0c,FED-25JAN-T4.25,241,2024-12-27T22:21:12.316068Z,86,14,no
237,1b072c49-6321-4d86-ab3e-029f1022ddb1,FED-25JAN-T4.25,200,2024-12-27T22:21:12.316068Z,86,14,no
238,cdfdda7a-c86c-49ba-aaac-21c5107b219f,FED-25JAN-T4.25,45,2024-12-27T22:13:47.476677Z,88,12,no
239,3b6ebdc5-f291-4985-a863-ff05deeeac62,FED-25JAN-T4.25,1,2024-12-27T22:09:10.356684Z,88,12,no
240,6a24a787-3ec0-4545-b6eb-23805ef5e89f,FED-25JAN-T4.25,72,2024-12-27T04:45:53.419747Z,87,13,no
241,8d60bacc-c2d8-4873-97e4-d9a1a5d7336a,FED-25JAN-T4.25,7,2024-12-27T03:33:37.766614Z,87,13,no
242,cbdbd1b7-073d-45ea-984f-dfdd10da7a71,FED-25JAN-T4.25,725,2024-12-21T00:54:45.378259Z,87,13,no
243,0ebd7e2e-8cb7-4298-a4bb-e214089e046f,FED-25JAN-T4.25,110,2024-12-19T21:18:31.454472Z,90,10,yes
244,97533024-6048-4166-bfb0-b7070646136f,FED-25JAN-T4.25,2500,2024-12-19T14:17:21.501693Z,89,11,yes
245,40cc91c6-f71b-45ff-90eb-c6f55425f1ae,FED-25JAN-T4.25,600,2024-12-19T13:02:23.131505Z,87,13,no
246,a7def912-bbfe-4bec-8d35-06e993d2e026,FED-25JAN-T4.25,1000,2024-12-19T13:00:16.75917Z,88,12,yes
247,0d89863f-a1ae-415b-9884-4c39cc1f068b,FED-25JAN-T4.25,2500,2024-12-19T13:00:10.446973Z,88,12,no
248,c6938d72-5ed7-40e9-a4d2-676b9910c31e,FED-25JAN-T4.25,98,2024-12-18T21:34:43.735605Z,88,12,yes
249,1de41d5e-8e4b-4be3-b8c3-41a6a5ea7763,FED-25JAN-T4.25,2,2024-12-18T21:34:43.735605Z,88,12,yes
250,850f8097-cd4d-4006-ae20-f251a0416af5,FED-25JAN-T4.25,41,2024-12-18T20:14:12.236364Z,89,11,yes
251,6311dd10-cbd6-4ba0-88d9-af9d7c524ba8,FED-25JAN-T4.25,957,2024-12-18T20:14:12.236364Z,89,11,yes
252,2520d4b6-e58d-4de6-9e03-b27373224471,FED-25JAN-T4.25,2,2024-12-18T20:14:12.236364Z,88,12,yes
253,4d7ad195-32f5-4099-af01-60eca071ff44,FED-25JAN-T4.25,225,2024-12-18T19:53:05.111071Z,86,14,no
254,62998d35-f10e-4fce-9169-d08e19c70bd1,FED-25JAN-T4.25,43,2024-12-18T19:39:47.81533Z,89,11,yes
255,1bd38865-aca7-406b-b011-daf9b3e83f0c,FED-25JAN-T4.25,2,2024-12-18T19:39:47.81533Z,88,12,yes
256,95a26c98-564b-47ab-aa5a-af225ecd7212,FED-25JAN-T4.25,2,2024-12-18T19:10:46.510529Z,87,13,yes
257,512bd26b-91dd-4759-8016-106b782fcf43,FED-25JAN-T4.25,500,2024-12-18T19:10:46.455299Z,86,14,no
258,27dd9596-38b0-4149-baf8-c0f06d12cbb1,FED-25JAN-T4.25,1000,2024-12-18T19:10:46.38464Z,86,14,no
259,8db7c065-a2b4-4d81-b936-17a2f486d4b1,FED-25JAN-T4.25,1000,2024-12-18T19:10:46.309219Z,86,14,no
260,d9419727-5744-4e55-9a8a-c93503d8d1fb,FED-25JAN-T4.25,1000,2024-12-18T19:10:29.863106Z,77,23,yes
261,d48b67a4-2d27-4a1f-8c10-70cdeb292f82,FED-25JAN-T4.25,900,2024-12-18T19:10:29.863106Z,78,22,yes
262,6b64cbbc-aaf5-424f-ac0d-7913c1c48c15,FED-25JAN-T4.25,1000,2024-12-18T19:10:29.863106Z,76,24,yes
263,0fb993e0-aa62-4a1a-bc30-5c530c8d6879,FED-25JAN-T4.25,100,2024-12-18T19:10:29.863106Z,78,22,yes
264,e7ed7881-6fce-4d4b-93f3-1549ba0de83c,FED-25JAN-T4.25,1000,2024-12-18T19:08:41.676309Z,78,22,yes
265,e401e34b-cff7-4658-a0e7-dbc866b889d8,FED-25JAN-T4.25,2,2024-12-18T19:08:41.676309Z,82,18,yes
266,b2736b7e-dbdd-4edc-afd1-3aac1ead9d63,FED-25JAN-T4.25,875,2024-12-18T19:08:41.676309Z,76,24,yes
267,8f0cf56f-6422-425e-91f5-c2afb250458e,FED-25JAN-T4.25,1000,2024-12-18T19:08:41.676309Z,77,23,yes
268,52d0f763-79ca-4150-9c1b-5889ae6d8fab,FED-25JAN-T4.25,125,2024-12-18T19:08:41.520514Z,76,24,yes
269,f94e5bcc-4bd5-4791-8959-d4378c8cf083,FED-25JAN-T4.25,1000,2024-12-18T18:37:56.976244Z,80,20,no
270,1703bdb9-2c10-4fd7-be6d-80d85a8bab52,FED-25JAN-T4.25,200,2024-12-18T18:37:56.735552Z,80,20,yes
271,9638441e-3452-48d0-9128-830128223b92,FED-25JAN-T4.25,600,2024-12-18T18:37:41.766273Z,80,20,yes
272,6a7ab8c9-de70-4440-aa4d-da68c4acbdb1,FED-25JAN-T4.25,1000,2024-12-18T18:37:41.696295Z,80,20,yes
273,0223a7e1-4fad-4046-aae9-fa4cefc58893,FED-25JAN-T4.25,1000,2024-12-18T18:37:41.617052Z,80,20,yes
274,172e03d4-127b-44ad-83e9-548850038808,FED-25JAN-T4.25,100,2024-12-18T16:50:39.781575Z,80,20,yes
275,a3cc775c-129a-40f6-b67c-00b8f4562467,FED-25JAN-T4.25,500,2024-12-17T20:33:24.300927Z,82,18,yes
276,dbcbaedf-c747-4cf6-9705-249e1609dc5c,FED-25JAN-T4.25,5098,2024-12-16T19:07:11.429311Z,79,21,no
277,96ec16c6-f66a-4ef3-890e-a717a63f0648,FED-25JAN-T4.25,2,2024-12-16T19:07:11.429311Z,80,20,no
278,ca5b6e69-c445-4446-b3b0-8a36d610af0b,FED-25JAN-T4.25,2,2024-12-16T17:40:04.444452Z,83,17,yes
279,a73a434f-cf82-4715-928a-816830d7ce92,FED-25JAN-T4.25,1898,2024-12-16T17:40:04.444452Z,83,17,yes
280,2b9ab45d-7f96-4a6f-b7eb-a59f6879da92,FED-25JAN-T4.25,100,2024-12-16T17:40:04.444452Z,83,17,yes
281,fd076d99-2672-4e3a-b253-f4a5bf7669a4,FED-25JAN-T4.25,1000,2024-12-16T14:08:43.961818Z,80,20,yes
282,aff8dc06-8a3c-4064-99e0-777633c1719b,FED-25JAN-T4.25,1000,2024-12-16T14:08:43.961818Z,81,19,yes
283,4f63428a-4bcb-43b1-bde9-c037459d5cf2,FED-25JAN-T4.25,12177,2024-12-16T14:08:43.961818Z,82,18,yes
284,3e83b8e4-a0d6-4113-b41f-c817c8c4313f,FED-25JAN-T4.25,2,2024-12-16T14:08:43.961818Z,81,19,yes
285,1aed220d-1391-4da3-b4d6-46be1fd9da63,FED-25JAN-T4.25,1000,2024-12-16T14:08:43.961818Z,82,18,yes
286,f46d7f2f-d8f8-4f2c-a111-ee7349a1d50d,FED-25JAN-T4.25,600,2024-12-13T21:06:09.86573Z,79,21,yes
287,24909d72-8cbf-4b2a-8e2d-f0c63dc83d43,FED-25JAN-T4.25,2,2024-12-13T21:06:09.86573Z,79,21,yes
288,92b983ff-1b2a-49c7-8dbc-46752f4bc062,FED-25JAN-T4.25,500,2024-12-13T17:16:00.644422Z,78,22,yes
289,475758f3-67e4-4921-901a-fcb12fa67066,FED-25JAN-T4.25,500,2024-12-13T17:16:00.644422Z,78,22,yes
290,fab2bcb7-2474-4965-bea1-152c9bf550d5,FED-25JAN-T4.25,2,2024-12-13T15:44:26.758684Z,77,23,yes
291,7d56d39f-c03b-4b17-96d2-7c2124f28628,FED-25JAN-T4.25,2,2024-12-13T15:42:30.867366Z,77,23,yes
292,3fa2baba-0cde-44e7-a1cb-39256f07a39b,FED-25JAN-T4.25,400,2024-12-11T21:03:49.410493Z,77,23,no
293,d805284a-f916-47b0-9c22-8e8bfed380a4,FED-25JAN-T4.25,1000,2024-12-11T20:47:31.086858Z,77,23,yes
294,511c17b1-ac5d-4c0d-a201-7506483ac1b3,FED-25JAN-T4.25,100,2024-12-11T19:18:43.146467Z,76,24,yes
295,4d771154-de1d-4f9d-95b1-f84ad8a5b9da,FED-25JAN-T4.25,100,2024-12-11T18:25:16.732017Z,77,23,yes
296,405b23a0-32af-4ab8-840a-229bc814aecf,FED-25JAN-T4.25,83,2024-12-11T13:42:36.928728Z,72,28,no
297,545602aa-29de-4123-b929-b7ebf7d5de09,FED-25JAN-T4.25,83,2024-12-11T13:42:36.857718Z,72,28,no
298,8db2b87c-de18-48fe-9235-374077a414d5,FED-25JAN-T4.25,250,2024-12-11T13:42:24.063409Z,72,28,no
299,bf297aac-c292-4c7c-934a-6be3fe6e0578,FED-25JAN-T4.25,250,2024-12-11T13:42:23.999404Z,72,28,no
300,dd514afa-cec2-4eee-8654-5a3f1afa6938,FED-25JAN-T4.25,250,2024-12-11T13:42:23.909275Z,72,28,no
301,92c0bfba-7578-4f57-8eaa-ddaa128d62e0,FED-25JAN-T4.25,2,2024-12-11T13:42:10.08089Z,73,27,no
302,c8312634-13b2-4a59-a529-bd99037bade8,FED-25JAN-T4.25,5000,2024-12-10T21:06:36.439794Z,77,23,yes
303,9104c6fe-702d-4712-9ec1-4360e3e60fc3,FED-25JAN-T4.25,1700,2024-12-10T20:44:08.090529Z,77,23,no
304,f47ac9ae-6b89-4a1c-a216-8eb3d7d207d9,FED-25JAN-T4.25,300,2024-12-10T19:35:24.790184Z,77,23,no
305,8d51a232-d696-4064-96a7-2c8d7e1b69f3,FED-25JAN-T4.25,2,2024-12-10T19:35:08.287911Z,77,23,yes
306,0ecfd4e1-9fc2-4d7b-af98-6a486c829286,FED-25JAN-T4.25,333,2024-12-10T19:35:08.287911Z,77,23,yes
307,9ee23e3c-9b59-4ca1-8422-d243600d9e9b,FED-25JAN-T4.25,333,2024-12-10T16:07:46.417874Z,76,24,yes
308,924b328c-473e-4d59-a861-f914c70366da,FED-25JAN-T4.25,500,2024-12-10T15:26:37.914522Z,75,25,yes
309,3a5ce6ad-cb27-4a17-a07e-e4df2b7bcbbd,FED-25JAN-T4.25,50,2024-12-10T13:00:00.798706Z,74,26,yes
310,ff9f46e1-34e8-4964-be2b-d8dfa4bbc089,FED-25JAN-T4.25,834,2024-12-09T14:12:41.161887Z,75,25,yes
311,63028792-cca6-4b10-983f-5dcc67583b16,FED-25JAN-T4.25,166,2024-12-09T14:12:41.161887Z,74,26,yes
312,61832b50-cfdb-4dcc-b75e-b8d1f6582098,FED-25JAN-T4.25,2,2024-12-09T14:12:41.161887Z,74,26,yes
313,4370b1d4-38b8-4299-bcef-5114aa8f2aac,FED-25JAN-T4.25,500,2024-12-09T14:12:41.161887Z,73,27,yes
314,21dd6452-dd31-4642-a716-e2b62c33f352,FED-25JAN-T4.25,166,2024-12-09T14:12:41.161887Z,75,25,yes
315,17e9094c-fb63-4ff8-9f96-ca352bd503a3,FED-25JAN-T4.25,834,2024-12-09T14:12:41.161887Z,74,26,yes
316,100ca1b5-e1ef-41c0-b6a5-7a8645294e40,FED-25JAN-T4.25,100,2024-12-09T14:12:41.161887Z,73,27,yes
317,c1cc53f0-5d44-4c35-8691-294f3bfd4e25,FED-25JAN-T4.25,100,2024-12-06T17:39:47.265208Z,72,28,no
318,6c9a0ffb-5a4b-426f-a274-dd41632fcc56,FED-25JAN-T4.25,2,2024-12-06T17:39:37.084Z,72,28,yes
319,06fbbe07-26c1-4e20-bcfe-23ff3a7b21c0,FED-25JAN-T4.25,500,2024-12-06T17:39:37.084Z,72,28,yes
320,d0aa21b4-ac10-46e4-ac38-5cc9621bbf3c,FED-25JAN-T4.25,250,2024-12-06T16:07:28.558521Z,72,28,yes
321,b79b489b-131b-49b4-b811-81e740aa2623,FED-25JAN-T4.25,250,2024-12-06T16:07:28.558521Z,72,28,yes
322,6cb7f35c-dbcc-41d3-8593-2eccbf4e5e41,FED-25JAN-T4.25,100,2024-12-06T14:48:48.134096Z,70,30,no
323,09ec93c8-235a-4efe-b266-c5a93c3a61e2,FED-25JAN-T4.25,100,2024-12-06T14:48:36.537305Z,70,30,yes
324,92054bcc-5ab5-4eec-8378-3a820c22d89c,FED-25JAN-T4.25,2,2024-12-06T13:49:46.754121Z,68,32,yes
325,cee4b54c-e1f8-4a49-856f-900af1658d02,FED-25JAN-T4.25,98,2024-12-06T13:49:44.09428Z,68,32,yes
326,77b5a618-b1b9-4075-918d-43b08f10f6db,FED-25JAN-T4.25,2,2024-12-06T13:49:44.09428Z,72,28,yes
327,49d98272-8e56-4860-9964-87d4969a79cc,FED-25JAN-T4.25,250,2024-12-06T13:49:44.09428Z,70,30,yes
328,329a869a-3542-47c7-bfd5-9cfc6c12faf6,FED-25JAN-T4.25,250,2024-12-06T13:49:44.09428Z,69,31,yes
329,a7965495-6090-42b5-8086-04801b343361,FED-25JAN-T4.25,2,2024-12-06T13:49:20.315472Z,69,31,no
330,c294b1c4-67c8-42b6-a298-5ecab0755c4d,FED-25JAN-T4.25,2,2024-12-06T13:33:29.872623Z,70,30,no
331,c0028f9b-a8c6-4fe5-b4c9-7c9bc9cc8841,FED-25JAN-T4.25,2,2024-12-06T13:31:21.519249Z,71,29,no
332,306c88f8-c2dc-4526-8be6-62ce90e054ce,FED-25JAN-T4.25,10000,2024-12-04T20:04:17.157659Z,72,28,yes
333,fc0667c7-f48a-41ba-a28a-7f3450df1c1b,FED-25JAN-T4.25,300,2024-12-04T16:20:46.728152Z,72,28,yes
334,7ab0e775-77b0-45a3-972c-98f7134510d1,FED-25JAN-T4.25,500,2024-12-04T16:20:36.750375Z,72,28,no
335,52be787d-8211-461b-b906-606ea96fde53,FED-25JAN-T4.25,500,2024-12-04T16:20:36.750375Z,72,28,no
336,c2d405f6-e8d6-4631-91c7-01c856af154c,FED-25JAN-T4.25,1,2024-12-04T15:11:55.06084Z,76,24,no
337,3e4fcd05-b0e9-4f61-b1b2-f93e6934735b,FED-25JAN-T4.25,1,2024-12-04T13:20:57.710968Z,76,24,no
338,08f61ee1-ff4f-4c9a-9fb0-eda3e147bd21,FED-25JAN-T4.25,1,2024-12-04T13:13:52.88167Z,76,24,no
339,7cb548a7-eaf3-494e-8e3b-06d6b8739e05,FED-25JAN-T4.25,1,2024-12-04T13:12:50.77099Z,76,24,no
340,85e47026-2a1b-4c09-9ddf-a60f7b61bb48,FED-25JAN-T4.25,200,2024-12-03T21:10:26.488005Z,73,27,yes
341,b05abb2b-de21-440a-98ed-d488ec845459,FED-25JAN-T4.25,1000,2024-12-03T21:10:13.33707Z,73,27,yes
342,3c53de1b-25aa-4da8-b063-b8db50b36b1a,FED-25JAN-T4.25,600,2024-12-03T21:10:13.241842Z,73,27,yes
343,6876f432-003d-41fe-b178-549c6c9e998e,FED-25JAN-T4.25,200,2024-12-02T19:48:31.389741Z,76,24,yes
344,83122fde-94dc-444d-8b8a-d60041094ecd,FED-25JAN-T4.25,300,2024-12-02T19:05:32.237251Z,76,24,no
345,8273b0ee-9ac6-4f28-8fa3-da418e6b7d2a,FED-25JAN-T4.25,1,2024-12-02T19:05:32.169149Z,77,23,no
346,d5af6ce6-51f0-4cb6-8f12-3fbf500a7d78,FED-25JAN-T4.25,1000,2024-12-02T15:46:06.050646Z,78,22,no
347,975ee1cc-761e-4a5f-8e14-266742b8bb43,FED-25JAN-T4.25,100,2024-12-02T15:46:06.001052Z,78,22,no
348,3a40156e-d7cb-4fc7-b17c-521ab0accfd6,FED-25JAN-T4.25,1000,2024-12-02T15:46:05.939658Z,78,22,no
349,20234bfa-d037-405b-aa36-d86e1e89af7c,FED-25JAN-T4.25,2000,2024-12-02T15:45:56.559394Z,78,22,yes
350,ffd60406-8103-4b6b-9346-0994e2d4a17f,FED-25JAN-T4.25,333,2024-11-26T20:32:49.359026Z,75,25,no
351,569c4bc1-a898-44b5-b579-10546aca8aa4,FED-25JAN-T4.25,333,2024-11-26T20:32:49.312099Z,75,25,no
352,1d2cb9f4-4ada-4048-b960-e3135472b231,FED-25JAN-T4.25,333,2024-11-26T20:32:49.249807Z,75,25,no
353,ce59f54f-5b1c-4482-8a05-6af7dd3005f2,FED-25JAN-T4.25,1000,2024-11-26T20:32:36.720339Z,75,25,no
354,1de5c48c-463a-4e49-bb00-15f772583a6e,FED-25JAN-T4.25,1000,2024-11-26T20:32:36.66794Z,75,25,no
355,f3171b39-79a4-4596-8a33-0e4919b0b310,FED-25JAN-T4.25,900,2024-11-26T20:32:36.572167Z,75,25,no
356,1bd44e32-9230-475e-ba3c-92bd9213a56c,FED-25JAN-T4.25,1000,2024-11-26T14:22:11.230871Z,79,21,yes
357,6db61033-987f-449e-9f31-aa8297443378,FED-25JAN-T4.25,8000,2024-11-26T14:19:29.626545Z,78,22,no
358,91a27335-3dbd-4170-8c5e-8ad8541b560f,FED-25JAN-T4.25,1000,2024-11-25T15:41:18.761336Z,78,22,no
359,7f27684b-07cb-4825-8c9c-732af5218344,FED-25JAN-T4.25,1000,2024-11-25T15:41:18.706895Z,78,22,no
360,716e1c00-718d-499b-ba6b-0adc50bdbb0e,FED-25JAN-T4.25,900,2024-11-25T15:41:18.611278Z,78,22,no
361,d6c87a20-f6e4-4370-b2de-dbcddfcdb5f9,FED-25JAN-T4.25,1000,2024-11-22T20:51:09.881005Z,81,19,yes
362,0f8965f4-41f6-4b14-a772-ac47965b9707,FED-25JAN-T4.25,100,2024-11-22T20:51:09.881005Z,81,19,yes
363,1f6fbd2c-7200-4429-9d5d-f2cf4496c0c5,FED-25JAN-T4.25,400,2024-11-22T14:45:18.22357Z,80,20,yes
364,6b1764f7-4b0d-40fa-8b52-bcdf3eef988b,FED-25JAN-T4.25,700,2024-11-21T21:34:21.952216Z,79,21,no
365,513b534b-3629-47ba-9c56-7f36176e75df,FED-25JAN-T4.25,100,2024-11-21T21:34:21.952216Z,79,21,no
366,9d751ec3-5aa2-4771-954f-3358476bda1a,FED-25JAN-T4.25,800,2024-11-21T18:47:25.907304Z,80,20,no
367,6cd1d2cd-b9b0-4bc8-9705-98500339ea88,FED-25JAN-T4.25,1000,2024-11-21T18:47:25.852501Z,80,20,no
368,d394add6-dd24-499f-919b-5b405b76e5c5,FED-25JAN-T4.25,1000,2024-11-21T18:47:25.754559Z,80,20,no
369,6c995b13-32ad-4116-9ebe-29a2addf32a2,FED-25JAN-T4.25,1000,2024-11-21T18:47:15.363754Z,80,20,no
370,dd2dad6b-5853-49ff-a0be-d03ed2f57c28,FED-25JAN-T4.25,1000,2024-11-21T18:47:15.322325Z,80,20,no
371,514253c6-181d-4415-a4b2-4220bbdafc1b,FED-25JAN-T4.25,500,2024-11-21T18:47:15.2147Z,80,20,no
372,58caf2eb-559a-40b3-95e2-8bc029611827,FED-25JAN-T4.25,400,2024-11-21T16:35:15.517103Z,81,19,yes
373,09f6d2bb-5133-4391-86f0-76902308f3c1,FED-25JAN-T4.25,600,2024-11-21T16:35:15.517103Z,81,19,yes
374,08db2e64-5335-4a5d-be7e-1e5978b83e2e,FED-25JAN-T4.25,32,2024-11-21T13:32:18.192211Z,80,20,no
375,36227406-d84a-4a6e-9937-61e4cdafb082,FED-25JAN-T4.25,315,2024-11-21T13:31:52.483729Z,80,20,yes
376,57eff1ef-4e3a-4df8-ba75-3e9bb208c9d1,FED-25JAN-T4.25,100,2024-11-20T20:57:45.492336Z,80,20,no
377,c53588f0-d1aa-4d01-8410-518485cb0bfc,FED-25JAN-T4.25,200,2024-11-20T18:19:31.393794Z,80,20,yes
378,4dff7d96-0e8d-4302-935c-3735cdd55012,FED-25JAN-T4.25,100,2024-11-20T18:17:29.454337Z,80,20,yes
379,3041a7ac-ffcd-4f60-ae9e-430c3b1ded55,FED-25JAN-T4.25,100,2024-11-20T16:09:29.224477Z,80,20,yes
380,fe28c7c0-88e0-4cc3-9276-832ad898de05,FED-25JAN-T4.25,100,2024-11-20T15:57:18.581631Z,80,20,yes
381,d9ed330d-fa68-4fed-9b1a-3b81865591c4,FED-25JAN-T4.25,200,2024-11-20T14:24:37.162031Z,80,20,yes
382,be6bcdd0-1ef0-4a7b-9c11-dae459b6d3c3,FED-25JAN-T4.25,500,2024-11-19T15:39:48.517086Z,78,22,yes
383,0b8b4586-e79f-42d9-83ab-a18cd4572e8d,FED-25JAN-T4.25,5,2024-11-18T17:05:07.25334Z,75,25,no
384,d55cf731-f247-4d97-b48f-4719e98a98ce,FED-25JAN-T4.25,500,2024-11-18T17:04:29.552269Z,74,26,yes
385,8a087249-752b-4cb8-9901-a831aa172996,FED-25JAN-T4.25,15,2024-11-18T17:04:29.552269Z,74,26,yes
386,8032d2b3-c2b4-4bbe-80c2-6e864ae3f766,FED-25JAN-T4.25,1200,2024-11-18T17:04:29.552269Z,75,25,yes
387,e04fee23-4964-4757-b2bc-51aafb4f3196,FED-25JAN-T4.25,49,2024-11-13T13:59:56.63597Z,59,41,no
388,c80384cc-b497-4dbb-bb01-fa06f97f3098,FED-25JAN-T4.25,18,2024-11-13T13:59:56.63597Z,48,52,no
389,c3d4d3bc-575a-46b6-8971-b937ea247686,FED-25JAN-T4.25,37,2024-11-13T13:59:56.63597Z,63,37,no
390,b4483da6-a2fe-43e7-86f1-e5bd244654c6,FED-25JAN-T4.25,4,2024-11-13T13:59:56.63597Z,42,58,no
391,a12355c3-5dd7-4e92-8372-f47c498b8b32,FED-25JAN-T4.25,2,2024-11-13T13:59:56.63597Z,43,57,no
392,9f7beb03-e095-4983-af8a-90f4e05f6185,FED-25JAN-T4.25,1,2024-11-13T13:59:56.63597Z,45,55,no
393,845b96b1-131e-41eb-993b-b6e0136ce52b,FED-25JAN-T4.25,39,2024-11-13T13:59:56.63597Z,61,39,no
394,83300b3b-1c06-4d0c-82bd-b57d553b11fb,FED-25JAN-T4.25,1,2024-11-13T13:59:56.63597Z,46,54,no
395,6082f204-d2fa-4001-9004-f4820f248c66,FED-25JAN-T4.25,40,2024-11-13T13:59:56.63597Z,60,40,no
396,3e1337ae-448e-4677-a066-f8ba201741cd,FED-25JAN-T4.25,1,2024-11-13T13:59:56.63597Z,44,56,no
397,290a3351-e249-41d3-b698-415ab485ac4d,FED-25JAN-T4.25,4,2024-11-13T13:59:56.63597Z,40,60,no
398,0a0764e7-5b88-4110-9201-bcc71db99aa9,FED-25JAN-T4.25,1,2024-11-13T13:59:56.63597Z,48,52,no
399,06d537db-6a88-4479-8bb8-f398129f82b8,FED-25JAN-T4.25,4,2024-11-13T13:59:56.63597Z,41,59,no
400,0459f296-96aa-4a5a-b267-ac4177df4b22,FED-25JAN-T4.25,38,2024-11-13T13:59:56.63597Z,62,38,no
401,6c186f0a-d60d-4543-b5b8-46cd9a1ff6f6,FED-25JAN-T4.25,100,2024-10-03T00:13:13.267537Z,49,51,no
402,255f48b6-9282-48bd-a4e5-8c83cc7c0e21,FED-25JAN-T4.25,200,2024-10-03T00:07:39.658476Z,51,49,no
403,5e2416eb-1c4c-4a32-a5ad-027c2739adcc,FED-25JAN-T4.25,300,2024-09-24T23:38:18.577233Z,42,58,no
404,3832af11-7c84-48e5-8ffa-49cacbea9f9a,FED-25JAN-T4.25,200,2024-09-22T21:41:31.978422Z,45,55,no
405,25a0bee2-ffdd-4345-844d-312f0f15fbe8,FED-25JAN-T4.25,100,2024-09-20T13:19:39.897644Z,56,44,no
406,de0ffb0b-28d1-48eb-bfe7-294715a47e57,FED-25JAN-T4.25,10,2024-08-19T23:19:07.026156Z,43,57,no
407,1f832e5a-8da8-4ecb-9e5c-829cf0fff6a1,FED-25JAN-T4.25,10,2024-08-14T12:47:50.078087Z,44,56,yes
408,1889966f-ee75-4080-962d-b6b0edc59a3e,FED-25JAN-T4.25,2400,2024-05-03T12:01:29.758087Z,97,3,yes
409,9d79db00-936c-41c1-b44d-6dbddd72a315,FED-25JAN-T4.25,100,2024-04-25T20:30:29.882813Z,90,10,yes
410,18d157e6-3d8c-423e-a188-5fb90fe31274,FED-25JAN-T4.25,70,2024-04-02T12:00:24.643934Z,86,14,no
411,438ca0b4-04ac-4ce7-9edc-752a0da39554,FED-25JAN-T4.25,28,2024-04-02T12:00:24.619336Z,86,14,no
412,516eaaea-13e9-4c37-a94e-bc1151023290,FED-25JAN-T4.25,70,2024-04-02T12:00:24.578099Z,86,14,no
413,f8d23015-a63a-46e5-9ece-38038c3e8ed7,FED-25JAN-T4.25,1,2024-04-02T12:00:07.452011Z,82,18,yes
414,f3fde869-134f-4aaa-b935-3afb825caf88,FED-25JAN-T4.25,2,2024-04-02T12:00:07.452011Z,85,15,yes
415,e58ab5df-0ea6-49f3-ba72-c0c2d853358e,FED-25JAN-T4.25,1,2024-04-02T12:00:07.452011Z,85,15,yes
416,e25e4ea5-89d6-4931-bdc9-e9de90deddcd,FED-25JAN-T4.25,1,2024-04-02T12:00:07.452011Z,82,18,yes
417,d9779859-7bb1-48bb-be3c-d21b55bb1ceb,FED-25JAN-T4.25,6,2024-04-02T12:00:07.452011Z,84,16,yes
418,bd44b6a5-a8ba-49b9-9b9a-1343e18c740f,FED-25JAN-T4.25,1,2024-04-02T12:00:07.452011Z,83,17,yes
419,babb01dd-7f2e-43ec-a318-d9ca5fe70c7d,FED-25JAN-T4.25,70,2024-04-02T12:00:07.452011Z,75,25,yes
420,b2ba10c5-4713-490b-bf65-03c444625226,FED-25JAN-T4.25,14,2024-04-02T12:00:07.452011Z,73,27,yes
421,aec510a1-2640-403e-90ac-4cf115194edf,FED-25JAN-T4.25,4,2024-04-02T12:00:07.452011Z,86,14,yes
422,ab2b686f-2293-423d-a63b-22fa65a15015,FED-25JAN-T4.25,1,2024-04-02T12:00:07.452011Z,84,16,yes
423,a8a923a5-3a5d-4c2e-9c40-47e20d06a203,FED-25JAN-T4.25,5,2024-04-02T12:00:07.452011Z,82,18,yes
424,99f269e2-7322-407a-b7e3-218f7fb9b33d,FED-25JAN-T4.25,4,2024-04-02T12:00:07.452011Z,83,17,yes
425,9865a5e4-3437-4dab-b5ed-415042fb47cb,FED-25JAN-T4.25,5,2024-04-02T12:00:07.452011Z,83,17,yes
426,98378abc-5d35-4244-9709-456b72238007,FED-25JAN-T4.25,1,2024-04-02T12:00:07.452011Z,84,16,yes
427,97a4e82f-b8ae-46fd-b550-5cda73c8d6ae,FED-25JAN-T4.25,1,2024-04-02T12:00:07.452011Z,83,17,yes
428,9029f7f1-ef5c-41df-89db-d5604bff82a7,FED-25JAN-T4.25,1,2024-04-02T12:00:07.452011Z,85,15,yes
429,782ac394-f897-432b-8ea5-29b93d6fab33,FED-25JAN-T4.25,1,2024-04-02T12:00:07.452011Z,81,19,yes
430,73f5e908-7de9-4beb-b1f1-b11d9c262a20,FED-25JAN-T4.25,1,2024-04-02T12:00:07.452011Z,86,14,yes
431,65adb967-d155-4d36-ab77-f00feb986c5a,FED-25JAN-T4.25,1,2024-04-02T12:00:07.452011Z,83,17,yes
432,646b9ca3-c9b4-40d4-ac61-d234869a9015,FED-25JAN-T4.25,4,2024-04-02T12:00:07.452011Z,85,15,yes
433,63bdbd4a-018f-4702-a416-64c9e51a9437,FED-25JAN-T4.25,7,2024-04-02T12:00:07.452011Z,86,14,yes
434,62e3954e-d671-4a3b-b390-e5ac46eb024f,FED-25JAN-T4.25,5,2024-04-02T12:00:07.452011Z,81,19,yes
435,47381f98-22ad-4cd7-979f-7d49765b5d40,FED-25JAN-T4.25,1,2024-04-02T12:00:07.452011Z,82,18,yes
436,3a138559-3ae8-4528-91cb-b3d41963332f,FED-25JAN-T4.25,4,2024-04-02T12:00:07.452011Z,84,16,yes
437,3661b739-7a8f-4aa3-bb4e-fb08221e97ca,FED-25JAN-T4.25,1,2024-04-02T12:00:07.452011Z,84,16,yes
438,1f8cc756-6698-4a7d-acdd-5932d78ed4d5,FED-25JAN-T4.25,70,2024-04-02T12:00:07.452011Z,74,26,yes
439,1d13ee92-1ccb-4e47-9b10-e1304eafa328,FED-25JAN-T4.25,3,2024-04-02T12:00:07.452011Z,82,18,yes
440,0a279a44-eca0-40bd-b259-eb213ad86a6c,FED-25JAN-T4.25,6,2024-04-02T12:00:07.452011Z,85,15,yes
441,09bcde21-f40d-4a2f-9a02-4ea89dd7e5eb,FED-25JAN-T4.25,1,2024-04-02T12:00:07.452011Z,86,14,yes
442,714dd999-9aee-49dd-9bc7-479e6ea6d6c5,FED-25JAN-T4.25,275,2024-03-15T18:11:17.608036Z,72,28,no
443,f235ef7b-695d-478e-b7d4-46801f30c3e8,FED-25JAN-T4.25,1,2024-03-15T17:40:32.468107Z,73,27,no
444,715e7ff8-065d-4e7e-bd8f-5c92f8e2e4d7,FED-25JAN-T4.25,275,2024-03-11T13:03:51.478778Z,58,42,yes
445,fa26ee56-2108-4a27-836b-2bbb6e413d71,FED-25JAN-T4.25,100,2024-03-08T16:21:06.114905Z,56,44,yes
446,5fa79bfa-98f4-4a28-ad85-d0c4dbc991e9,FED-25JAN-T4.25,100,2024-03-05T13:53:55.7415Z,64,36,no
447,d4ab4f7d-5141-495b-add8-2dc7376e62a7,FED-25JAN-T4.25,960,2024-02-13T17:59:42.646715Z,48,52,yes
448,8bfefac7-92f4-4c5b-a72e-893ee65f8435,FED-25JAN-T4.25,960,2023-12-06T18:45:57.28446Z,55,45,no
449,efe5ad9c-d708-48a8-866f-d969ecd1bce8,FED-25JAN-T4.50,588,2025-01-29T18:31:39.383122Z,4,96,yes
450,53796830-123a-4cf7-a32e-c00f7465f0c9,FED-25JAN-T4.50,400,2025-01-29T18:31:39.383122Z,4,96,yes
451,280e5853-58aa-4d1e-81fd-39d1df999474,FED-25JAN-T4.50,100,2025-01-29T18:31:39.383122Z,3,97,yes
452,04948f72-c329-42a4-be85-888c93eb93be,FED-25JAN-T4.50,430,2025-01-29T18:31:39.383122Z,1,99,yes
453,5c0f0e19-7505-4799-8025-bd933506c3a2,FED-25JAN-T4.50,93,2025-01-27T16:00:03.123701Z,1,99,yes
454,1e8baf15-2c96-4b4a-99bc-6e2a5571ec39,FED-25JAN-T4.50,233,2025-01-21T04:46:02.313315Z,2,98,yes
455,4a734c6c-06fb-4f7a-bc5a-5c77d4d6c577,FED-25JAN-T4.50,156,2025-01-04T06:57:11.561166Z,6,94,yes
456,bab18f40-5f01-407f-b800-f9f8f6c25f4c,FED-25JAN-T4.50,100,2024-12-31T07:39:08.408374Z,7,93,yes
457,d43887dc-7149-4544-af47-afaefd6cf976,FED-25JAN-T4.50,100,2024-12-31T00:24:47.494849Z,7,93,yes
458,a9aa5219-f0ef-4a0e-800d-6811fedc9dc0,FED-25JAN-T4.50,156,2024-12-29T18:58:55.840977Z,6,94,yes
459,2b6f1dd2-f16d-4e04-a168-10527bb4dfa3,FED-25JAN-T4.50,2,2024-12-29T05:41:53.78646Z,6,94,yes
460,d37f22a8-c0a2-491f-9a9c-0aade28e33fe,FED-25JAN-T4.50,15,2024-12-27T03:33:53.419471Z,6,94,yes
461,6bb623e3-4afc-4396-8613-765dc0daa9f2,FED-25JAN-T4.50,312,2024-12-26T23:56:47.710781Z,6,94,yes
462,f0c48637-ea4a-4dcd-a56d-fda023574c54,FED-25JAN-T4.50,670,2024-12-26T22:12:12.422196Z,5,95,yes
463,344aa602-7ef9-4bc7-a860-8a65b9afd79c,FED-25JAN-T4.50,100,2024-12-26T22:12:12.422196Z,4,96,yes
464,28a1f8f5-1cec-4eb0-b69c-422c88e2f20f,FED-25JAN-T4.50,312,2024-12-19T16:23:42.358614Z,3,97,yes
465,668f861d-704b-4715-85f3-9cd43beda0b8,FED-25JAN-T4.50,1,2024-12-16T17:40:22.042482Z,1,99,no
466,8d4ec2fa-5d49-4b31-b2be-9ed10903c22b,FED-25JAN-T4.50,100,2024-12-12T13:30:20.594027Z,5,95,no
467,984aaa61-5283-4909-89dc-a3cf279a1239,FED-25JAN-T4.50,1000,2024-12-11T18:55:49.519257Z,5,95,yes
468,10fffc2c-8eef-4219-b031-b99513f1d190,FED-25JAN-T4.50,700,2024-12-11T18:55:49.45801Z,5,95,yes
469,693cb479-5cdd-47bb-a2a6-e36b7546508b,FED-25JAN-T4.50,1000,2024-12-11T18:55:49.387194Z,5,95,yes
470,091a9d2f-47ae-46e5-ac91-93346481bb0b,FED-25JAN-T4.50,1000,2024-12-11T18:55:31.077294Z,7,93,yes
471,219ddf1f-0491-419a-a1e3-7b75b742a3f3,FED-25JAN-T4.50,1000,2024-12-11T18:55:30.968667Z,7,93,yes
472,34692562-226b-48ae-946f-9d058f66e6c6,FED-25JAN-T4.50,1000,2024-12-11T18:55:30.866006Z,7,93,yes
473,309faca6-e169-44ec-b122-ebd480eab946,FED-25JAN-T4.50,2,2024-12-06T23:01:22.516225Z,10,90,no
474,b29257ca-ca4b-47be-8046-11da900b91cc,FED-25JAN-T4.50,500,2024-12-06T18:30:28.847311Z,12,88,yes
475,80b3500d-1d87-44d9-81e7-4963c4b14838,FED-25JAN-T4.50,250,2024-12-06T18:30:28.847311Z,11,89,yes
476,7ab279fb-03fc-44b5-a269-a2bd7b61532d,FED-25JAN-T4.50,250,2024-12-06T18:30:28.847311Z,11,89,yes
477,61d1caf0-f22e-4a4c-9b7c-73b7c2802fab,FED-25JAN-T4.50,2550,2024-12-06T18:30:28.847311Z,12,88,yes
478,ff676342-886d-49e2-aa7e-75acd9be1f0b,FED-25JAN-T4.50,10,2024-12-06T15:54:17.315282Z,10,90,no
479,3e4039c9-4822-4da1-9c67-2a666f0e1917,FED-25JAN-T4.50,390,2024-12-06T15:54:17.315282Z,10,90,no
480,71bcbb50-6873-4cce-a044-aa837350394f,FED-25JAN-T4.50,500,2024-12-06T15:54:08.025898Z,10,90,no
481,b258ca7a-9c87-41e0-9fda-3355eccda34c,FED-25JAN-T4.50,250,2024-12-06T15:53:55.22489Z,10,90,yes
482,6dc97082-937e-49b6-a94e-d11ecc969e24,FED-25JAN-T4.50,250,2024-12-06T15:53:55.22489Z,10,90,yes
483,5e5b80aa-9bc8-4d31-85fb-07074690c570,FED-25JAN-T4.50,198,2024-12-06T13:49:43.997133Z,9,91,yes
484,78f5e143-2ad3-41d9-8cc0-c976e0c8649e,FED-25JAN-T4.50,2,2024-12-06T13:49:20.494686Z,17,83,no
485,ed0c7dab-9007-4191-a027-96f17b3d7d00,FED-25JAN-T4.50,2,2024-12-06T13:33:04.300713Z,9,91,no
486,570966ff-0855-429e-a3c6-22bea4690e1e,FED-25JAN-T4.50,750,2024-12-06T13:31:21.567831Z,15,85,no
487,06ddc3c2-e552-498b-b609-bf69a34c60a4,FED-25JAN-T4.50,2,2024-12-06T13:31:21.567831Z,19,81,no
488,81c26a31-c576-4ceb-a70a-077f3c17835a,FED-25JAN-T4.50,99,2024-12-06T13:26:59.328309Z,22,78,yes
489,0ffba179-34c6-426f-8fb3-5a13edd0517f,FED-25JAN-T4.50,1000,2024-12-06T13:26:59.328309Z,22,78,yes
490,42d26efb-a894-4dcb-9b88-d23b6548fecc,FED-25JAN-T4.50,1,2024-12-05T15:42:02.941922Z,22,78,yes
491,656b62d5-475b-4a07-b5c1-9a83d55860bd,FED-25JAN-T4.50,1,2024-12-03T15:40:04.718774Z,22,78,yes
492,f7b5f6bf-37de-4e63-8e84-a1004fb8ae41,FED-25JAN-T4.50,300,2024-12-03T13:51:31.032589Z,19,81,no
493,4a2cfb16-c333-4c7b-a2c7-52d01849423b,FED-25JAN-T4.50,333,2024-12-03T13:51:31.032589Z,19,81,no
494,ef96b520-85a5-4c8f-830c-396b9d0dc3c4,FED-25JAN-T4.50,1,2024-12-03T13:00:30.510622Z,20,80,no
495,ded2c30a-561b-4c80-b8f9-fba42c5f2a2a,FED-25JAN-T4.50,699,2024-12-03T13:00:30.510622Z,20,80,no
496,fe42f118-7d10-42ef-835b-d60bfcdf4056,FED-25JAN-T4.50,1,2024-12-02T20:20:47.407123Z,20,80,yes
497,f5ee3f48-52a3-4d41-a2be-a0b11300a1ad,FED-25JAN-T4.50,1000,2024-12-02T20:20:40.222715Z,21,79,no
498,a6541186-9a81-4599-b1a0-940a3b9a22eb,FED-25JAN-T4.50,700,2024-12-02T20:20:40.222715Z,22,78,no
499,87ed6b6f-7bdb-434e-8b6e-cd1ad7cefe29,FED-25JAN-T4.50,300,2024-12-02T20:20:40.222715Z,23,77,no
500,5ec2d40e-4e46-45e2-8db5-bbaf5b3ecdca,FED-25JAN-T4.50,100,2024-12-02T20:20:40.222715Z,22,78,no
501,5b4719f7-4906-416d-8859-4bee243f27bc,FED-25JAN-T4.50,1000,2024-12-02T20:20:40.222715Z,20,80,no
502,28b96f72-3ced-4a1d-9ff0-31f609768990,FED-25JAN-T4.50,100,2024-12-02T20:20:40.222715Z,22,78,no
503,06aa3989-ca93-4961-b5a1-cef448b3c6a2,FED-25JAN-T4.50,300,2024-12-02T20:20:40.222715Z,19,81,no
504,0971f759-b7aa-4fbf-8b14-231e170a9951,FED-25JAN-T4.50,10,2024-12-02T18:16:14.097595Z,25,75,yes
505,3d17cec3-f968-47af-b675-0bed28ce5709,FED-25JAN-T4.50,1,2024-12-02T15:55:20.754671Z,25,75,yes
506,027f697d-e08b-4f16-904c-89a2ef5b9be9,FED-25JAN-T4.50,1,2024-12-02T15:32:34.345437Z,23,77,no
507,b3a85c0a-5250-4b8b-81fe-6ba6de08e8f3,FED-25JAN-T4.50,1,2024-12-02T15:13:15.251557Z,24,76,yes
508,718d55d2-98a8-4a04-91f4-cd8fcc4ea1b9,FED-25JAN-T4.50,53,2024-12-02T15:13:15.251557Z,24,76,yes
509,e28c43db-8462-4614-9d93-90e16c29de3d,FED-25JAN-T4.50,1,2024-12-02T15:12:41.370553Z,18,82,yes
510,97d6fc17-313f-4154-8ddf-989bc3f959ec,FED-25JAN-T4.50,2,2024-12-02T13:48:22.692198Z,22,78,yes
511,738338f3-66cc-4369-a42b-dc7ece4b4649,FED-25JAN-T4.50,18,2024-12-02T13:48:22.692198Z,23,77,yes
512,1bd012fc-c3f8-4a40-8d86-0ca7971c756d,FED-25JAN-T4.50,1,2024-12-02T13:48:22.692198Z,17,83,yes
513,ce2ae8a7-de5e-45fb-aea6-2ee5aef56c04,FED-25JAN-T4.50,20,2024-11-26T21:20:05.056295Z,32,68,yes
514,0cf02384-6eec-492b-8605-c455c675cb32,FED-25JAN-T4.50,900,2024-11-26T21:06:06.359678Z,32,68,yes
515,23e5bd75-3015-47d4-ada4-c8beac26e1e9,FED-25JAN-T4.50,1000,2024-11-26T20:32:36.969749Z,30,70,no
516,d520c33d-bfcd-47f5-a7d0-96530b3654f4,FED-25JAN-T4.50,1000,2024-11-26T20:32:36.919412Z,30,70,no
517,4e2c32dd-409a-4603-8128-8caa93f432f6,FED-25JAN-T4.50,400,2024-11-26T20:32:36.819448Z,30,70,no
518,edb5f303-a7a2-4b8b-a7be-044dd45818ab,FED-25JAN-T4.50,900,2024-11-26T20:24:26.610208Z,32,68,no
519,1c287987-2307-4acf-b7c0-eacd7a781edf,FED-25JAN-T4.50,200,2024-11-26T20:23:45.539508Z,33,67,no
520,dbe76e29-6c2d-44ea-a986-f87490b7ccf5,FED-25JAN-T4.50,800,2024-11-26T20:19:42.999398Z,34,66,no
521,6720ad52-88af-4a15-aea5-9892e858eb7e,FED-25JAN-T4.50,300,2024-11-26T20:17:06.189359Z,35,65,no
522,e18db2c1-89fc-4794-857c-16b5835f7f13,FED-25JAN-T4.50,800,2024-11-26T20:15:55.360646Z,36,64,no
523,d052087c-bd3e-4630-b557-3672c8d43470,FED-25JAN-T4.50,200,2024-11-26T20:15:55.360646Z,36,64,no
524,ef7e57b6-bea2-40aa-87a3-74993490d89b,FED-25JAN-T4.50,100,2024-11-26T19:53:50.535468Z,37,63,no
525,ce108b25-5e63-4908-8b01-11e457da05af,FED-25JAN-T4.50,10,2024-11-26T19:53:40.14148Z,38,62,no
526,90eacced-a2bd-4bfd-a28c-2e9dd3babd91,FED-25JAN-T4.50,700,2024-11-25T15:52:20.441824Z,38,62,yes
527,b879182a-b064-4714-86db-020d78b95526,FED-25JAN-T4.50,150,2024-11-25T14:14:18.955731Z,38,62,no
528,3bea8589-c109-4ebf-8cd9-617554ccff58,FED-25JAN-T4.50,3500,2024-11-21T18:47:45.875747Z,38,62,no
529,5393e51e-2d8a-4b80-9ccb-7017c4ea436b,FED-25JAN-T4.50,1000,2024-11-21T18:47:27.732852Z,38,62,yes
530,eafa034b-8200-4ab3-aa81-c2c89298522f,FED-25JAN-T4.50,1000,2024-11-21T18:47:26.003123Z,37,63,no
531,22442192-f15c-44ac-9272-e02da34fdd3d,FED-25JAN-T4.50,1000,2024-11-21T18:47:25.954816Z,37,63,no
532,9855d2a1-1971-4bcc-86bd-f1afbf7a2442,FED-25JAN-T4.50,1000,2024-11-21T18:47:16.125456Z,37,63,no
533,59c837cc-c7fd-44e9-8d3a-5e5526e3e32f,FED-25JAN-T4.50,1000,2024-11-21T18:47:16.073999Z,37,63,no
534,f5735b8f-fb02-4e43-98fd-16d083b24725,FED-25JAN-T4.50,100,2024-11-21T18:47:15.99268Z,37,63,no
535,7b64bcb4-1d8b-4189-81cd-14b1cb261847,FED-25JAN-T4.50,25,2024-11-21T13:32:17.895828Z,38,62,no
536,a2dcedb8-3ac4-43a0-8f3d-79f6bdbb510f,FED-25JAN-T4.50,800,2024-11-20T14:24:37.191252Z,37,63,yes
537,c2ead956-0695-475d-9fcd-94c4b4ffec1d,FED-25JAN-T4.50,200,2024-11-20T14:11:13.972766Z,36,64,yes
538,73ee527a-b65c-4e6f-a4b1-01c1f4496b55,FED-25JAN-T4.50,27,2024-11-20T13:00:19.112146Z,35,65,no
539,34d18114-e2a4-4c64-ab43-9767fe139fdd,FED-25JAN-T4.50,600,2024-11-20T13:00:00.546059Z,35,65,yes
540,05415516-f625-4467-991a-8fb1e1368a37,FED-25JAN-T4.50,100,2024-11-20T13:00:00.546059Z,35,65,yes
541,ff395eb2-acb7-4314-920a-c8e1c1f85ece,FED-25JAN-T4.50,100,2024-11-20T02:09:26.314132Z,26,74,no
542,a08add08-26b3-4007-be1f-09d4598732a1,FED-25JAN-T4.50,100,2024-11-20T02:09:26.314132Z,25,75,no
543,ee078555-f0da-4f41-8360-7cc4cc64604f,FED-25JAN-T4.50,100,2024-11-19T19:23:07.851005Z,34,66,yes
544,86970360-8f90-4f4c-bc52-a0c8f22c27be,FED-25JAN-T4.50,400,2024-11-19T19:23:07.851005Z,34,66,yes
545,13792c1e-79e1-4c1e-866b-5d19943d1085,FED-25JAN-T4.50,100,2024-11-19T19:23:07.851005Z,34,66,yes
546,a6ae3540-9204-4d1c-8bdc-dd5ac7a9fadf,FED-25JAN-T4.50,100,2024-11-19T17:52:52.680289Z,33,67,yes
547,a01ee603-8791-42ad-9748-02c771ecf34b,FED-25JAN-T4.50,2155,2024-11-19T14:08:05.274421Z,31,69,yes
548,bf7dd7bf-0f29-440a-8c04-c30a314a88de,FED-25JAN-T4.50,445,2024-11-19T05:42:26.54165Z,21,79,no
549,6e78a8a0-8fd0-403a-bc1c-9b770aedeedf,FED-25JAN-T4.50,5,2024-11-19T05:42:26.54165Z,22,78,no
550,24949002-b595-4a6e-8246-716c766adfcb,FED-25JAN-T4.50,300,2024-11-15T14:43:06.816201Z,35,65,no
551,f31a1272-8d66-4a69-9427-805a02cf9e0a,FED-25JAN-T4.50,2,2024-11-15T14:43:06.185195Z,35,65,yes
552,aa18b5c6-2220-427b-bd26-f32aa41e05bd,FED-25JAN-T4.50,300,2024-11-15T14:43:06.185195Z,35,65,yes
553,5cdba9f6-4e07-488e-9f54-e1b7ea623409,FED-25JAN-T4.50,15,2024-11-15T14:43:06.185195Z,35,65,yes
554,e35232b6-b156-4cc2-8323-2f3010d77676,FED-25JAN-T4.50,11,2024-11-15T14:41:47.714065Z,30,70,yes
555,de29f4fe-cec8-4d53-ba55-b3cb1f8cad84,FED-25JAN-T4.50,5,2024-11-15T14:41:47.714065Z,23,77,yes
556,da212201-e428-4eb1-8001-33cc0cb57693,FED-25JAN-T4.50,8,2024-11-15T14:41:47.714065Z,32,68,yes
557,d7d3fb1d-f4cb-41f3-8906-b3ef20c5dc06,FED-25JAN-T4.50,4,2024-11-15T14:41:47.714065Z,32,68,yes
558,d69cdfd8-cf6c-4e96-8968-11b70ef796c8,FED-25JAN-T4.50,8,2024-11-15T14:41:47.714065Z,31,69,yes
559,d328145a-ba1d-4f93-8c30-30a6ebd16d1f,FED-25JAN-T4.50,3,2024-11-15T14:41:47.714065Z,31,69,yes
560,c51f106a-8a14-4906-a7dd-8f10241c9197,FED-25JAN-T4.50,2,2024-11-15T14:41:47.714065Z,33,67,yes
561,c238b245-bd27-44f9-8c20-7f623591b695,FED-25JAN-T4.50,8,2024-11-15T14:41:47.714065Z,33,67,yes
562,add72da6-e5d9-44f6-bcc8-e12c7024cda4,FED-25JAN-T4.50,3,2024-11-15T14:41:47.714065Z,33,67,yes
563,a71e12b6-dd5f-499a-b0fc-da1b99b47c6b,FED-25JAN-T4.50,2,2024-11-15T14:41:47.714065Z,34,66,yes
564,a4e1d5f9-a947-46f2-bdc8-7470258d8e20,FED-25JAN-T4.50,2,2024-11-15T14:41:47.714065Z,33,67,yes
565,99aac47b-631c-4b86-86f9-16a954b92f18,FED-25JAN-T4.50,8,2024-11-15T14:41:47.714065Z,34,66,yes
566,9640d4c9-e097-4f4f-b84e-34d38cd7ab9f,FED-25JAN-T4.50,11,2024-11-15T14:41:47.714065Z,34,66,yes
567,8b854b34-451b-4ed3-8468-55100a1a7381,FED-25JAN-T4.50,6,2024-11-15T14:41:47.714065Z,34,66,yes
568,7734ed37-e75e-4bd1-a68b-a61863ab0109,FED-25JAN-T4.50,8,2024-11-15T14:41:47.714065Z,32,68,yes
569,69c16ab1-a6ed-4237-a584-d13c5d33f6a4,FED-25JAN-T4.50,3,2024-11-15T14:41:47.714065Z,29,71,yes
570,68767404-0e51-4411-865a-c02d718158ae,FED-25JAN-T4.50,10,2024-11-15T14:41:47.714065Z,31,69,yes
571,603ede3c-c44b-498c-9c24-edc49bb7553f,FED-25JAN-T4.50,5,2024-11-15T14:41:47.714065Z,22,78,yes
572,5cce450d-ad26-47b0-a635-d5c5b26c0188,FED-25JAN-T4.50,3,2024-11-15T14:41:47.714065Z,32,68,yes
573,5b38143a-9248-4af1-b240-f960995ee666,FED-25JAN-T4.50,2,2024-11-15T14:41:47.714065Z,32,68,yes
574,584c869f-d7f6-4faf-aa74-e09ca0d11f77,FED-25JAN-T4.50,2,2024-11-15T14:41:47.714065Z,33,67,yes
575,537387e0-3c8a-44b9-85da-73a4e6e88dab,FED-25JAN-T4.50,313,2024-11-15T14:41:47.714065Z,34,66,yes
576,434ab43b-d912-4594-bdd5-094d301f72e1,FED-25JAN-T4.50,8,2024-11-15T14:41:47.714065Z,33,67,yes
577,3ca3f2cc-0805-4e06-9cfc-8c48f18051a5,FED-25JAN-T4.50,3,2024-11-15T14:41:47.714065Z,31,69,yes
578,37e77c45-7881-4ea7-a533-a686319bcab7,FED-25JAN-T4.50,11,2024-11-15T14:41:47.714065Z,33,67,yes
579,2d8c443b-09e4-4c31-8aa0-e19f44075c3f,FED-25JAN-T4.50,2,2024-11-15T14:41:47.714065Z,34,66,yes
580,2b8606dc-6964-467c-8bd7-45eef1438614,FED-25JAN-T4.50,2,2024-11-15T14:41:47.714065Z,34,66,yes
581,0e69baa9-320f-4b83-b935-3d1a726d7c5d,FED-25JAN-T4.50,3,2024-11-15T14:41:47.714065Z,30,70,yes
582,00933859-7af3-4324-aa19-7f68ba9065c9,FED-25JAN-T4.50,3,2024-11-15T14:41:47.714065Z,32,68,yes
583,bf9d8fe7-d244-4fdc-914a-c96aaaf6ad2d,FED-25JAN-T4.50,5,2024-11-15T00:50:58.375213Z,16,84,yes
584,290a96d3-15b7-46b1-a037-25fa75140e38,FED-25JAN-T4.50,5,2024-11-15T00:50:58.375213Z,15,85,yes
585,f66d9834-f768-48e7-af92-55730f59ee1d,FED-25JAN-T4.50,8,2024-11-13T13:59:56.634291Z,4,96,no
586,a27d111a-7798-4db3-8257-2f4f638b15ba,FED-25JAN-T4.50,2844,2024-11-13T13:59:56.634291Z,9,91,no
587,0ef8c9d6-c47e-473c-9a15-5809a9c95915,FED-25JAN-T4.50,1,2024-11-13T13:59:56.634291Z,4,96,no
588,d1cc0ad2-13a7-4715-920f-08dd29ee4aa0,FED-25JAN-T4.50,1,2024-11-12T16:45:00.845972Z,20,80,yes
589,7429c6cf-81ed-4689-ba65-6bfa5b311276,FED-25JAN-T4.50,100,2024-11-12T16:45:00.845972Z,15,85,yes
590,6a2e43d3-7b0c-46fd-8e0f-d55b9c1d4a9c,FED-25JAN-T4.50,4,2024-11-12T16:45:00.845972Z,22,78,yes
591,12777f7b-8623-4970-ace6-e8fcbcf61336,FED-25JAN-T4.50,12,2024-11-12T16:45:00.845972Z,23,77,yes
592,0395d55c-9590-4f89-9072-c86dedf66862,FED-25JAN-T4.50,15,2024-11-12T16:45:00.845972Z,24,76,yes
593,806af04d-1eb4-427f-9da8-0c9f7a657347,FED-25JAN-T4.50,1,2024-10-22T00:25:12.330593Z,27,73,yes
594,421bedf2-6f71-44a1-9463-edd3be635958,FED-25JAN-T4.50,13,2024-10-22T00:25:12.330593Z,28,72,yes
595,357ae7c6-f24d-48f6-9c87-8b5c30b605e3,FED-25JAN-T4.50,86,2024-10-22T00:25:12.330593Z,26,74,yes
596,33e1d4ea-87eb-4273-8e52-79201db952a8,FED-25JAN-T4.50,700,2024-10-03T00:06:58.187647Z,14,86,no
597,0e6c80cd-35fd-433e-94aa-f7c55e1e2b53,FED-25JAN-T4.50,300,2024-10-03T00:05:06.521383Z,16,84,no
598,af79c140-2ed7-4c76-9caf-1f1ec980c73a,FED-25JAN-T4.50,200,2024-09-25T12:33:19.654018Z,10,90,no
599,87a395cf-1fac-47b9-b964-664e24393328,FED-25JAN-T4.50,600,2024-09-24T23:40:20.021625Z,13,87,no
600,30a71397-826a-4494-bfc7-919724bbfd2c,FED-25JAN-T4.50,100,2024-09-22T21:42:12.588951Z,15,85,no
601,fe7511e3-3ebe-4a4d-a2cb-80389df05b01,FED-25JAN-T4.50,50,2024-09-20T13:23:35.690632Z,21,79,no
602,918c23e8-479b-416e-94c7-adb30fdcea82,FED-25JAN-T4.50,150,2024-09-20T13:16:07.062396Z,27,73,no
603,0e44492e-ba25-4aa3-95d6-4f54a0fe7cce,FED-25JAN-T4.50,93,2024-09-19T22:22:00.928793Z,20,80,no
604,0416857b-fbc3-4a02-ac80-9256080481ba,FED-25JAN-T4.50,50,2024-09-19T22:21:44.614024Z,27,73,no
605,0fc9739e-e6b8-4106-8dc7-e1c55fb1abdc,FED-25JAN-T4.50,300,2024-09-12T19:23:03.379715Z,28,72,no
606,cb59f41f-ed5b-4756-8049-fc4d61242e5a,FED-25JAN-T4.50,100,2024-09-12T19:10:08.934811Z,28,72,no
607,b106f0b4-1651-4c02-a84d-a5b6b58fe294,FED-25JAN-T4.50,50,2024-09-12T18:57:52.152805Z,28,72,no
608,7d49b903-3bec-4a2d-af7e-283382629073,FED-25JAN-T4.50,200,2024-09-12T18:51:25.332712Z,28,72,no
609,8ba815ea-4c4e-4358-b65e-ff6398a7db8d,FED-25JAN-T4.50,600,2024-09-12T18:30:45.156272Z,28,72,no
610,eebbf1c6-7924-460a-852b-cfa20f916be1,FED-25JAN-T4.50,20,2024-09-12T12:00:16.626148Z,23,77,no
611,e295d15b-00f3-436d-88ae-d7ada1510230,FED-25JAN-T4.50,106,2024-09-12T12:00:16.626148Z,20,80,no
612,dbfdf483-b943-425d-8b36-ce874bd70948,FED-25JAN-T4.50,2500,2024-09-12T12:00:16.626148Z,32,68,no
613,90550076-e5b5-4ce6-9045-c2edf8d49e88,FED-25JAN-T4.50,91,2024-09-12T12:00:16.626148Z,21,79,no
614,2da3d948-475f-43c1-8c30-e4f7e1b797fe,FED-25JAN-T4.50,2500,2024-09-12T12:00:16.626148Z,25,75,no
615,0c90cc92-1ec1-4308-8093-d484c3d26097,FED-25JAN-T4.50,76,2024-09-12T12:00:16.626148Z,22,78,no
616,34213a30-d61e-428d-a28d-cf00a5e8ab3e,FED-25JAN-T4.50,940,2024-09-11T12:04:25.864412Z,34,66,no
617,457b241f-2b2a-44c7-97f4-7ce1fcf3010b,FED-25JAN-T4.50,60,2024-09-11T01:24:44.998174Z,34,66,no
618,971d9523-2c29-48e9-b4ea-5400b534d08a,FED-25JAN-T4.50,800,2024-08-28T13:31:03.863649Z,41,59,yes
619,8cd97a02-ae76-4b15-a7c6-53379b723b48,FED-25JAN-T4.50,375,2024-08-24T15:06:13.808194Z,30,70,no
620,1b9f7d25-a217-4d30-9ee2-b020d254a03a,FED-25JAN-T4.50,125,2024-08-24T01:46:44.16497Z,30,70,no
621,b55110f4-7463-4595-8008-91d14aeda750,FED-25JAN-T4.50,1200,2024-08-21T21:16:55.181292Z,34,66,yes
622,9ab047d5-9a97-4335-b434-6e36869c3f3b,FED-25JAN-T4.50,3000,2024-08-21T21:16:55.181292Z,36,64,yes
623,1089de27-5cfc-4064-a501-2a0b37ab7e83,FED-25JAN-T4.50,10,2024-08-02T12:58:06.062619Z,65,35,yes
624,fef5d633-7af4-46d2-8116-5afaa2e7dadb,FED-25JAN-T4.50,1100,2024-08-02T12:58:02.261237Z,69,31,no
625,69ec30a7-c242-41cb-b298-89fda8472b29,FED-25JAN-T4.50,110,2024-08-02T12:58:02.261237Z,71,29,no
626,35f9c1aa-9875-454e-b8f5-2dea55b1c799,FED-25JAN-T4.50,1100,2024-08-02T12:58:02.261237Z,66,34,no
627,ead107ec-8d34-46e3-8dfc-60beabdfa30b,FED-25JAN-T4.50,604,2024-08-01T19:29:07.766486Z,69,31,no
628,d3404b02-e426-4953-b503-56307941e5e8,FED-25JAN-T4.50,1496,2024-08-01T19:29:07.766486Z,68,32,no
629,eebd124a-ad7e-416c-8495-6bdbf1e90c6a,FED-25JAN-T4.50,100,2024-07-11T16:07:17.894448Z,72,28,no
630,ed4ea9f4-483c-40f5-ae60-b8b2ff3aabc8,FED-25JAN-T4.50,50,2024-07-11T15:05:45.957355Z,75,25,no
631,a3c10d0c-5bd9-4498-9d29-17bb85bfddaf,FED-25JAN-T4.50,50,2024-07-08T20:32:51.166136Z,87,13,no
632,f74b7f2c-ac12-4db3-a1bc-1d1ae0e6e64d,FED-25JAN-T4.50,720,2024-05-03T12:01:42.623173Z,89,11,no
633,7475be2c-3d87-43ea-88ff-3851925b30d1,FED-25JAN-T4.50,1680,2024-05-03T12:01:38.494692Z,88,12,no
634,84d28f67-0bf1-421d-9072-27f142a44d4c,FED-25JAN-T4.50,100,2024-05-03T12:01:31.399157Z,87,13,yes
635,3a14552e-ba98-4c74-807a-1b26dae0c1c1,FED-25JAN-T4.50,1200,2024-05-03T12:01:31.399157Z,87,13,yes
636,e8f70739-e6c6-4a2b-8926-e1eb2364c140,FED-25JAN-T4.50,50,2024-05-01T18:51:59.429264Z,87,13,yes
637,cb586912-7c6a-47cd-b4ca-883eb3174149,FED-25JAN-T4.50,100,2024-04-25T20:30:30.039174Z,83,17,yes
638,03f484f0-5d99-47e5-ab0f-4aef2922f71e,FED-25JAN-T4.50,200,2024-04-25T20:30:29.973753Z,80,20,yes
639,5cc4efc8-bf1e-441f-b75b-391d05bff8f7,FED-25JAN-T4.50,50,2024-04-22T19:50:11.441869Z,79,21,yes
640,ff9f8bce-c188-409c-8a83-76cad9b52ad5,FED-25JAN-T4.50,21,2024-04-02T12:00:24.746133Z,62,38,no
641,31c1b228-c338-4097-ac16-96e4d6106d27,FED-25JAN-T4.50,70,2024-04-02T12:00:24.723304Z,62,38,no
642,12dc944e-697d-413e-9fc4-c62e015a804a,FED-25JAN-T4.50,70,2024-04-02T12:00:24.6976Z,62,38,no
643,ff08d090-b1d8-4849-8c2d-3e3f757c91f6,FED-25JAN-T4.50,1,2024-04-02T12:00:07.354481Z,60,40,yes
644,ec01d203-5696-481b-b6ec-9879aa8cec8f,FED-25JAN-T4.50,70,2024-04-02T12:00:07.354481Z,52,48,yes
645,ebd14c11-1147-4a82-9277-e4c2288a282d,FED-25JAN-T4.50,1,2024-04-02T12:00:07.354481Z,60,40,yes
646,e614885e-c205-449d-8f34-24da39a4cf5e,FED-25JAN-T4.50,1,2024-04-02T12:00:07.354481Z,61,39,yes
647,df4f7be0-5de1-48d4-a4a6-0f9c810ee2c5,FED-25JAN-T4.50,1,2024-04-02T12:00:07.354481Z,62,38,yes
648,d4ff347e-8ded-412e-88a7-978f732ca98d,FED-25JAN-T4.50,1,2024-04-02T12:00:07.354481Z,58,42,yes
649,d3c2f5d3-e114-4148-b77a-ceb8eb0b5d7a,FED-25JAN-T4.50,1,2024-04-02T12:00:07.354481Z,61,39,yes
650,d1ad7b36-97c2-4712-947b-0756466b3795,FED-25JAN-T4.50,1,2024-04-02T12:00:07.354481Z,59,41,yes
651,c5a2fe7c-8e6f-429d-8120-45270afef3dc,FED-25JAN-T4.50,14,2024-04-02T12:00:07.354481Z,50,50,yes
652,9e7b5690-bde5-4d60-98bd-0a7f96956b00,FED-25JAN-T4.50,1,2024-04-02T12:00:07.354481Z,59,41,yes
653,90b42249-8d10-4bac-abcd-2f0dea4c8764,FED-25JAN-T4.50,70,2024-04-02T12:00:07.354481Z,51,49,yes
654,8dc57c36-fcf8-4efd-a80f-6ba25c30f90e,FED-25JAN-T4.50,4,2024-04-02T12:00:07.354481Z,62,38,yes
655,7fba9c58-e777-41f4-ad6e-cc7eb428e0ad,FED-25JAN-T4.50,4,2024-04-02T12:00:07.354481Z,61,39,yes
656,75cb0ad2-53bf-49d6-bafa-407e18c350c7,FED-25JAN-T4.50,5,2024-04-02T12:00:07.354481Z,59,41,yes
657,6901d8ad-13a3-4e7d-a27e-7c3058b1d1e3,FED-25JAN-T4.50,3,2024-04-02T12:00:07.354481Z,60,40,yes
658,64546856-b31f-4e42-93cb-da4a087b21d2,FED-25JAN-T4.50,5,2024-04-02T12:00:07.354481Z,61,39,yes
659,62be896d-ce8a-4719-bf45-f3101da9fdcb,FED-25JAN-T4.50,1,2024-04-02T12:00:07.354481Z,61,39,yes
660,4f233a22-7d5f-4a2c-a93c-dc99b6b86b79,FED-25JAN-T4.50,4,2024-04-02T12:00:07.354481Z,62,38,yes
661,49c956f6-ae09-4202-ac66-cc8c6f365c1d,FED-25JAN-T4.50,1,2024-04-02T12:00:07.354481Z,58,42,yes
662,40516427-baa3-4632-a24a-a1f071a45da6,FED-25JAN-T4.50,1,2024-04-02T12:00:07.354481Z,62,38,yes
663,30538c1d-007e-4d49-b2a3-4699e63a77b9,FED-25JAN-T4.50,4,2024-04-02T12:00:07.354481Z,60,40,yes
664,2f5183fb-4558-4431-9a92-218c78679d72,FED-25JAN-T4.50,2,2024-04-02T12:00:07.354481Z,60,40,yes
665,275df374-6af1-4b52-b819-c5ba3f55ca36,FED-25JAN-T4.50,6,2024-04-02T12:00:07.354481Z,62,38,yes
666,23dd0430-bb98-4752-84fc-f8b96b9e382f,FED-25JAN-T4.50,1,2024-04-02T12:00:07.354481Z,59,41,yes
667,14ecf9f8-e738-4a78-b2d3-dcac2c0bfffb,FED-25JAN-T4.50,1,2024-04-02T12:00:07.354481Z,58,42,yes
668,105601d8-2eba-4613-8383-54c5d52997a6,FED-25JAN-T4.50,1,2024-04-02T12:00:07.354481Z,57,43,yes
669,02776608-5083-4af8-a91c-bd774f1086ab,FED-25JAN-T4.50,1,2024-04-02T12:00:07.354481Z,59,41,yes
670,3a01dc01-8f5d-455e-a781-847584756aba,FED-25JAN-T4.50,200,2024-03-21T18:45:26.023092Z,30,70,no
671,c80385e8-65b2-4b8e-944a-c7ea7e0207ec,FED-25JAN-T4.50,1,2024-03-15T17:40:22.689238Z,44,56,no
672,81a0978e-6a1e-4839-80ec-af128c1f3e15,FED-25JAN-T4.50,1000,2024-03-11T03:48:32.145661Z,30,70,no
673,c7dd78ba-dab2-4b66-9636-96631a453be3,FED-25JAN-T4.50,100,2024-03-08T16:20:58.347705Z,31,69,yes
674,3e7629b1-ec85-440d-8505-16916c61a71d,FED-25JAN-T4.50,200,2024-03-06T18:34:31.597428Z,42,58,yes
675,1f0673fb-f53c-4bee-8945-99a55deebbe6,FED-25JAN-T4.50,10,2024-03-06T17:14:31.403743Z,41,59,no
676,9cd9e33d-e282-422e-88cb-10b62e965a7a,FED-25JAN-T4.50,18,2024-03-04T17:28:13.19644Z,46,54,yes
677,fec3e610-3b91-4051-be84-b96eba577f73,FED-25JAN-T4.50,18,2024-02-29T14:07:40.414382Z,45,55,yes
678,0a4a11cc-3178-463e-8266-9dcac9fa4df8,FED-25JAN-T4.50,1000,2024-02-02T02:55:03.06436Z,27,73,no
679,f890f1a3-9dd6-4c0b-a7c0-057f59facd2d,FED-25JAN-T4.50,33,2024-01-17T16:49:30.036545Z,30,70,no
680,5638134f-ce35-4d38-9a6c-58fc55b59db0,FED-25JAN-T4.50,200,2024-01-11T15:17:16.086913Z,33,67,yes
681,bce56717-e34e-403a-a1fe-ef5f1cefce47,FED-25JAN-T4.50,640,2024-01-02T20:27:06.214643Z,27,73,no
682,c43b6377-7dc7-4b8d-b0ee-5152b1db9fb5,FED-25JAN-T4.50,4,2023-12-30T16:10:15.578654Z,27,73,no
683,c28e6d60-2aec-4872-b982-0796255b4f82,FED-25JAN-T4.50,1200,2023-12-21T19:11:30.769999Z,30,70,no
684,3d49b83b-e96b-4d4c-854c-5d67b155c675,FED-25JAN-T4.50,125,2023-12-19T16:47:53.634563Z,30,70,no
685,2b301866-e97c-45bb-83d0-b3ca3951eed8,FED-25JAN-T4.50,125,2023-12-18T19:35:37.343588Z,28,72,no
686,805d3ac2-b34f-4d95-87a9-8e73437b9f4c,FED-25JAN-T4.50,1280,2023-12-15T16:42:49.976542Z,28,72,no
687,3762e145-ae67-4c32-97e0-407bd36d44d8,FED-25JAN-T4.50,160,2023-12-15T01:54:35.97333Z,30,70,no
688,2e24d8d7-f3a1-4792-8b46-854daf6495f4,FED-25JAN-T4.50,1600,2023-12-15T01:54:35.97333Z,28,72,no
689,f821d96c-d277-46fe-8d99-a03f66be843d,FED-25JAN-T4.75,100,2024-12-27T15:50:04.791982Z,3,97,yes
690,3ce081a5-7178-4f21-98f3-44473cfddc6f,FED-25JAN-T4.75,135,2024-12-27T15:50:04.791982Z,4,96,yes
691,3cc21b06-2f2b-40ad-8f75-3ebf328b6a51,FED-25JAN-T4.75,400,2024-11-26T14:19:56.21742Z,4,96,yes
692,c9fc99b4-57f4-4a5e-9b56-3d015f180208,FED-25JAN-T4.75,1000,2024-11-26T14:19:46.659095Z,4,96,yes
693,9c711a8a-3e37-4086-8c3b-eee9c6d544ef,FED-25JAN-T4.75,1000,2024-11-26T14:19:46.598917Z,4,96,yes
694,fe2bc9ed-22d3-400a-9267-93776e02489d,FED-25JAN-T4.75,1000,2024-11-25T15:55:38.032804Z,4,96,yes
695,49ddd87f-9614-4b59-ad75-a714ab52ac60,FED-25JAN-T4.75,1000,2024-11-25T15:55:37.973264Z,4,96,yes
696,0f6d54d4-92da-4780-9707-99e9f63f7a3a,FED-25JAN-T4.75,510,2024-11-24T17:19:12.777798Z,3,97,no
697,7d8ac41d-ecae-42e5-b2f6-df9ec0da3bf5,FED-25JAN-T4.75,100,2024-11-22T14:45:18.177379Z,4,96,no
698,bd337f5d-fede-4279-b8c8-9dacaab4ca8b,FED-25JAN-T4.75,10,2024-09-19T12:32:22.736679Z,1,99,yes
699,d5f25719-3183-49af-b315-88d84f6cfee1,FED-25JAN-T4.75,600,2024-08-21T22:14:44.044233Z,17,83,yes
700,72447efc-0743-4641-86a1-c4ba6457569a,FED-25JAN-T4.75,3000,2024-08-21T22:14:44.044233Z,18,82,yes
701,260dadd5-2953-4429-9872-f0685e8783f5,FED-25JAN-T4.75,2366,2024-08-21T22:14:44.044233Z,19,81,yes
702,2a915601-8f5f-43af-80e1-cdefec0879dc,FED-25JAN-T4.75,3000,2024-08-21T21:16:21.863865Z,13,87,yes
703,2956d92c-8475-4217-ba89-5b4a63e233ab,FED-25JAN-T4.75,2100,2024-08-21T21:16:21.863865Z,12,88,yes
704,b8b04eb0-4822-4d8e-85d1-cd5a179c443d,FED-25JAN-T4.75,3000,2024-08-02T13:30:53.484468Z,25,75,no
705,025879cd-7bd7-4c8e-a326-3de70c4cf77c,FED-25JAN-T4.75,146,2024-08-02T12:58:20.398705Z,33,67,no
706,f952284e-8292-4b31-8ae0-a40a434bc021,FED-25JAN-T4.75,1100,2024-08-02T12:57:48.857523Z,37,63,no
707,48f3249c-44e4-4e77-9837-4f34301aa76b,FED-25JAN-T4.75,220,2024-08-02T12:57:48.857523Z,39,61,no
708,0aa8c1da-bfb9-4f4e-a43e-705522453639,FED-25JAN-T4.75,1100,2024-08-02T12:57:48.857523Z,38,62,no
709,d3ff9cc1-1030-45c0-b193-6309dff3c61c,FED-25JAN-T4.75,2396,2024-08-01T19:28:53.813129Z,41,59,no
710,0cfdddae-7e98-4a1b-a6b5-d509ccc298a7,FED-25JAN-T4.75,604,2024-08-01T19:28:53.813129Z,42,58,no
711,b76b1ab1-a57d-489e-aa3e-04ec070946d8,FED-25JAN-T4.75,100,2024-07-12T20:30:27.311801Z,56,44,no
712,3132e6ca-1aa2-4aac-9cf9-dc073da97aca,FED-25JAN-T4.75,1200,2024-07-11T15:05:33.233928Z,55,45,no
713,eeccc041-f3bc-454c-a785-5e20d3851be5,FED-25JAN-T4.75,3000,2024-07-11T14:51:33.198024Z,63,37,no
714,d3b27909-7aba-45c3-a452-0a200553f47e,FED-25JAN-T4.75,300,2024-07-11T14:51:33.198024Z,65,35,no
715,5b6db551-825e-4828-b23e-fdd5d9c4cbe3,FED-25JAN-T4.75,150,2024-07-11T14:51:33.198024Z,65,35,no
716,4785cc04-ca7c-4d2a-8615-f8179b48f11e,FED-25JAN-T4.75,1000,2024-07-11T01:13:18.10275Z,78,22,no
717,7ef4f374-60a7-4635-9449-a844a8a3229e,FED-25JAN-T4.75,29,2024-06-28T14:26:10.146122Z,78,22,no
718,957a5d3c-7e72-43b4-b235-324d2e4d59f8,FED-25JAN-T4.75,750,2024-06-13T12:39:31.698414Z,80,20,no
719,142b9c04-af87-4df4-ac82-87032e67b9ba,FED-25JAN-T4.75,1080,2024-06-05T14:21:43.622308Z,64,36,no
720,94c64138-2175-41c3-b6fa-eea2b3a3cbac,FED-25JAN-T4.75,230,2024-05-22T18:01:49.079498Z,64,36,no
721,11cf2f33-ed5a-4fc6-805c-14d5a384ee61,FED-25JAN-T4.75,100,2024-04-25T20:30:30.142099Z,68,32,yes
722,b10ab533-30e3-4ced-98a8-83c76bdec988,FED-25JAN-T4.75,500,2024-04-22T14:33:01.17308Z,66,34,yes
723,58dc1db0-d215-406f-8862-168148cbd6a4,FED-25JAN-T4.75,2500,2024-04-22T14:33:01.17308Z,69,31,yes
724,ccae3535-2891-4215-a26f-5e01e63bd01d,FED-25JAN-T4.75,25,2024-04-17T21:34:03.440841Z,67,33,yes
725,59c2d3c2-4221-4d33-84e3-c89ec13b8831,FED-25JAN-T4.75,20,2024-04-16T22:23:24.834582Z,68,32,yes
726,fa1312de-2ae6-4cb5-a654-b1030cebcbd8,FED-25JAN-T4.75,100,2024-04-10T14:15:29.958166Z,40,60,yes
727,9d169193-3da2-4b8a-be4f-ca4ec23301ae,FED-25JAN-T4.75,100,2024-04-10T14:15:29.958166Z,39,61,yes
728,7cae7416-a256-4bca-b577-a4961fae9663,FED-25JAN-T4.75,30,2024-04-10T14:15:29.958166Z,38,62,yes
729,0be98d1f-44be-4033-ba55-ed1df882ee44,FED-25JAN-T4.75,100,2024-04-04T12:57:21.160505Z,28,72,yes
730,8f6a86f4-9c7b-4249-bae1-9b824f669a32,FED-25JAN-T4.75,14,2024-04-02T12:00:07.432576Z,30,70,yes
731,7dcaff37-34a0-4124-8f9e-1552e6206dca,FED-25JAN-T4.75,70,2024-04-02T12:00:07.432576Z,31,69,yes
732,e592d4f4-327e-45cd-95d3-a8393985e925,FED-25JAN-T4.75,100,2024-03-21T18:44:58.84375Z,20,80,no
733,5ec6b177-1b28-4b65-a2d1-be9ec887574d,FED-25JAN-T4.75,2500,2024-03-15T17:40:05.326005Z,31,69,yes
734,9bb00286-2abd-44fd-b91c-f6d8d2172be1,FED-25JAN-T4.75,100,2024-03-12T01:33:18.819366Z,16,84,no
735,40ebee9c-64c1-46f1-80b0-e1aebde5db38,FED-25JAN-T4.75,123,2024-03-08T16:18:41.722505Z,17,83,yes
736,5d6f14cf-2295-4709-a18b-fc93b16e2eda,FED-25JAN-T4.75,980,2024-03-07T16:58:40.056337Z,16,84,no
737,08fc21ea-44fc-4115-a2b1-52653e46a913,FED-25JAN-T4.75,10,2024-03-07T13:06:31.457858Z,17,83,no
738,21c5acd6-0569-4019-b57e-3517e44d3f16,FED-25JAN-T4.75,257,2024-03-06T20:57:45.215805Z,18,82,yes
739,3e7f9294-ec1b-447a-8378-0ba68147267c,FED-25JAN-T4.75,300,2024-03-01T01:10:15.931237Z,23,77,no
740,349402f8-4e12-47e6-8855-e415a9650e17,FED-25JAN-T4.75,7,2024-02-29T14:07:40.47987Z,22,78,yes
741,dbf23ac6-2901-4cfd-8b65-d4b7266533e4,FED-25JAN-T4.75,400,2024-02-27T02:19:57.93597Z,25,75,no
742,504e5bfa-df37-46be-aaac-87712fb000e1,FED-25JAN-T4.75,250,2024-01-22T20:17:03.802197Z,17,83,no
743,83e4a212-1ad7-46f4-a05c-98333762448d,FED-25JAN-T4.75,1000,2024-01-19T02:17:43.161605Z,17,83,no
744,7fa73614-64e4-44b9-a828-a5b948fc8259,FED-25JAN-T4.75,27,2024-01-11T17:32:37.944648Z,22,78,yes
745,70169f9c-85ca-4008-b6f5-3c902c2bce6a,FED-25JAN-T4.75,200,2024-01-11T15:17:34.168435Z,22,78,yes
746,d5f5e89e-ad04-4164-bb01-c7fc043cc375,FED-25JAN-T4.75,640,2024-01-02T17:35:02.499696Z,23,77,yes
747,97f89a21-c46b-41e2-bd34-85b6ba790bc1,FED-25JAN-T4.75,1600,2023-12-29T17:29:19.200788Z,22,78,yes
748,a99c7bb8-e5ce-410f-a72e-95b664f0485b,FED-25JAN-T4.75,87,2023-12-27T19:15:09.81076Z,20,80,no
749,2e41f462-f55d-4924-bdd1-f61957b45001,FED-25JAN-T4.75,960,2023-12-27T18:14:11.688245Z,21,79,yes
750,df6dbc78-c88f-46f4-a5b2-bb4346abf0dd,FED-25JAN-T4.75,10,2023-12-24T17:20:50.735127Z,20,80,no
751,eb03fea6-3d87-4579-8a6d-2b5995d8bc7c,FED-25JAN-T4.75,640,2023-12-18T02:20:49.599295Z,24,76,yes
752,7de5191f-160d-46b8-9ec0-a84de2751813,FED-25JAN-T4.75,6,2023-12-18T02:20:49.599295Z,24,76,yes
753,db5e2ea0-f06f-4113-a3da-f68b53dca88e,FED-25JAN-T4.75,1000,2023-12-14T14:01:16.738694Z,23,77,no
754,b1fd455b-78c1-4026-b611-e1604eb38752,FED-25JAN-T4.75,6,2023-12-14T13:03:09.662432Z,25,75,no
755,d2c9acd6-1d4e-4f77-801b-235f98f0d67a,FED-25JAN-T4.75,6,2023-12-14T03:36:32.252381Z,24,76,yes
756,57db8aec-0ead-473b-b209-0c1d9b2db3dc,FED-25JAN-T4.75,640,2023-12-13T21:01:44.981632Z,24,76,no
757,722c0abc-5000-414e-b3c9-de8129f86aa6,FED-25JAN-T4.75,6,2023-12-13T20:39:59.607719Z,25,75,no
758,cc5343cd-1fa0-4235-8fcd-daca35f86b53,FED-25JAN-T4.75,64,2023-12-13T19:59:11.092381Z,23,77,no
759,08c0d347-2a9c-43ad-98a6-611b016ed390,FED-25JAN-T4.75,1000,2023-12-13T15:22:41.014672Z,28,72,no
760,0a929175-3aad-437d-996f-ba164c02116a,FED-25JAN-T4.75,23,2023-12-06T17:40:39.103381Z,27,73,no
761,fcee2701-a8b5-49e6-9ddf-903c46a340d5,FED-25JAN-T4.75,320,2023-11-30T15:51:35.349687Z,30,70,no
762,0bcbe640-d8a9-443a-8da5-40b1b6a749e6,FED-25JAN-T4.75,80,2023-11-29T23:01:24.342322Z,30,70,no
763,da9b73b0-a472-4826-8f7f-78ad06e0ffc1,FED-25JAN-T4.75,100,2023-11-28T17:56:51.336406Z,31,69,no
764,0efaca8e-abec-42a1-92ca-427455ea3559,FED-25JAN-T4.75,100,2023-10-30T12:14:20.280615Z,20,80,no
765,d60d843f-31a7-4a0e-8a91-84857f455f63,FED-25JAN-T4.75,29,2023-09-26T18:08:22.528276Z,66,34,yes
766,0c2f71a7-6f77-4d27-b30c-874087a441c7,FED-25JAN-T4.75,1400,2023-09-19T18:26:39.266128Z,30,70,no
767,4c6d14c4-feda-4681-bc24-afcb62b932cf,FED-25JAN-T4.75,1440,2023-09-19T13:17:18.018913Z,31,69,yes
768,ef70657d-40b7-4410-8c8c-3ed31e8d08c6,FED-25JAN-T4.75,240,2023-09-19T13:16:54.862936Z,30,70,yes
769,8f533742-59a2-47a6-81c5-583275a5cc7e,FED-25JAN-T4.75,480,2023-09-14T18:51:22.766883Z,30,70,yes
770,4174fbca-ebe6-4aee-bd62-a926af437a44,FED-25JAN-T4.75,2400,2023-09-14T18:51:22.766883Z,32,68,yes
771,36ef3a70-602b-47c7-aca0-94d66b40ed41,FED-25JAN-T5.25,10,2024-09-12T21:10:01.477393Z,13,87,yes
772,b1c7a4d0-3a59-4edc-8e1d-0f3e0551b1bc,FED-25JAN-T5.25,2900,2024-07-09T03:30:49.338748Z,10,90,no
773,9e446f80-e56a-45eb-b4e3-7513d7d75b1d,FED-25JAN-T5.25,100,2024-07-09T03:30:18.9131Z,11,89,no
774,0518d28a-5023-46f6-8844-7ea869cc3a82,FED-25JAN-T5.25,300,2024-07-09T03:30:18.9131Z,11,89,no
775,76f14f23-2d2c-42de-aed3-681523320942,FED-25JAN-T5.25,200,2024-07-04T13:30:12.68468Z,11,89,no
776,726910bf-f390-475b-bc74-4797421e039e,FED-25JAN-T5.25,50,2024-07-03T13:31:07.124484Z,12,88,no
777,f3710e9d-9d6b-452e-8421-a10fb0383803,FED-25JAN-T5.25,200,2024-06-24T12:44:51.730951Z,13,87,no
778,58e98507-a61f-4b99-b464-8b48fec07cfb,FED-25JAN-T5.25,50,2024-06-24T12:44:51.730951Z,13,87,no
779,d31a0030-5d22-4a60-85b3-132e72f24d90,FED-25JAN-T5.25,330,2024-06-12T14:00:35.521578Z,12,88,no
780,740bd3ac-6ee7-4501-9448-2dfdad974842,FED-25JAN-T5.25,170,2024-06-05T12:10:14.97886Z,12,88,no
781,4fd8182f-e9b4-4fa5-925c-0567adbfd7e4,FED-25JAN-T5.25,100,2024-06-04T15:19:57.825415Z,13,87,no
782,bd67193f-a897-4923-a258-1a672c10bd0a,FED-25JAN-T5.25,500,2024-05-27T01:41:00.424663Z,14,86,yes
783,675bb10f-e7a5-4f7c-8d9b-ff472ff10397,FED-25JAN-T5.25,100,2024-05-27T01:39:04.612229Z,13,87,yes
784,9941d330-d51d-4fb8-8615-2e541af6d4a3,FED-25JAN-T5.25,400,2024-05-27T01:37:18.517277Z,13,87,yes
785,b85dc516-d85e-419e-a48a-2ea1262bac9d,FED-25JAN-T5.25,100,2024-05-27T01:36:02.195244Z,13,87,yes
786,214065a7-2fe8-489d-a7f2-ce5a7e2d3f8a,FED-25JAN-T5.25,10,2024-05-27T01:35:16.304109Z,12,88,yes
787,53b36196-11be-4f01-8ffc-7298d1a9089f,FED-25JAN-T5.25,600,2024-05-23T19:47:18.10551Z,10,90,no
788,6b4346a5-8e36-4ecb-9e05-46c40f616f1b,FED-25JAN-T5.25,350,2024-05-14T18:13:49.914619Z,14,86,yes
789,6889cb3f-367b-4afb-be30-ed78a064d513,FED-25JAN-T5.25,3500,2024-05-14T18:13:49.914619Z,15,85,yes
790,871a5ad9-3978-4c2e-b43e-3edb3e8819f1,FED-25JAN-T5.25,1440,2024-05-03T12:01:42.476725Z,11,89,yes
791,281c22d8-c8fd-4145-9ed5-f22d79cd55c9,FED-25JAN-T5.25,2400,2024-05-03T12:01:42.453777Z,11,89,yes
792,f0bd648b-0e7d-448a-8ca9-5eddd48de85e,FED-25JAN-T5.25,2400,2024-05-03T12:01:42.429582Z,11,89,yes
793,c9a12209-7821-4a57-b730-96c20396d0bd,FED-25JAN-T5.25,1440,2024-05-03T12:01:38.724545Z,11,89,yes
794,a939f689-a4ff-4885-917b-3c73a416e59c,FED-25JAN-T5.25,2400,2024-05-03T12:01:38.272438Z,13,87,no
795,5a0d9c99-2c6b-4d8b-bc7a-238df749cf14,FED-25JAN-T5.25,2400,2024-05-03T12:01:38.272438Z,14,86,no
796,1b2ad753-c2e6-4906-8569-9dd1bb2dead0,FED-25JAN-T5.25,64,2024-04-30T16:24:25.97148Z,22,78,yes
797,b9b375f5-7da5-459d-ae65-cfc28bfd8800,FED-25JAN-T5.25,500,2024-04-26T19:54:45.56533Z,20,80,yes
798,b64ca0e7-d785-46e8-a5a8-306b5008bc03,FED-25JAN-T5.25,250,2024-04-26T19:54:45.56533Z,19,81,yes
799,c04568a7-dedf-4ec8-a06e-55cdba861994,FED-25JAN-T5.25,1750,2024-04-23T12:35:30.296816Z,14,86,yes
800,608306cd-1064-456e-9efd-1a8bb6c4b388,FED-25JAN-T5.25,100,2024-04-22T19:50:32.6469Z,14,86,yes
801,e73d861d-37bc-4621-886e-787e91c2f0a3,FED-25JAN-T5.25,100,2024-04-17T21:33:38.599375Z,14,86,yes
802,87294e00-7c4c-4fe8-94b6-33fc4d70efab,FED-25JAN-T5.25,500,2024-03-15T17:10:15.026675Z,7,93,yes
803,046d9a16-dc90-4690-93ff-1823962c28ae,FED-25JAN-T5.25,5,2024-03-11T16:34:18.629267Z,7,93,yes
804,105cc7cd-3a0b-4a19-80da-c2fbcac3b272,FED-25JAN-T5.25,5,2024-03-08T16:30:11.828885Z,6,94,yes
805,7bd64446-a3d3-4c03-bbc5-0eb16a17875a,FED-25JAN-T5.50,1870,2024-12-26T22:14:18.320938Z,1,99,yes
806,1632aa96-7a3e-46e2-b170-e452a884e9f4,FED-25JAN-T5.50,8,2024-11-07T23:18:44.047235Z,1,99,no
807,3da692c2-67df-4bd2-8a12-96c4d71971fa,FED-25JAN-T5.50,5,2024-11-07T23:18:36.685425Z,2,98,no
808,c3eccc93-684a-4284-a525-837958bab2d0,FED-25JAN-T5.50,234,2024-06-21T19:34:32.445457Z,4,96,yes
809,c531525d-19e1-4f7a-ada4-4aa7b7f61240,FED-25JAN-T5.50,400,2024-05-27T20:54:05.975753Z,3,97,yes
810,8f3a3a1b-dff8-4ce7-91eb-b1af5462fba4,FED-25JAN-T5.50,500,2024-05-27T01:44:35.166604Z,3,97,yes
811,9bf8542f-7bf4-459d-b18d-f9d45e768fb2,FED-25JAN-T5.50,4,2024-05-24T14:01:25.251369Z,3,97,no
812,02d76134-2bd0-409c-a39b-144dc3407823,FED-25JAN-T5.50,10,2024-05-23T18:44:07.190123Z,4,96,yes
813,4b16662b-e11c-40a7-bfd8-bf3bd594acbb,FED-25JAN-T5.50,3500,2024-05-23T18:35:43.893198Z,4,96,yes
814,04ffd457-bdf9-48e6-9884-34deaa0d2db5,FED-25JAN-T5.50,250,2024-05-01T17:21:59.32649Z,5,95,yes
815,09e41380-f543-4933-a029-458129bea3c3,FED-25JAN-T5.50,400,2024-04-26T01:11:04.449253Z,4,96,yes
816,8327b8ee-e606-44ca-ad08-558a5e70f0fe,FED-25JAN-T5.50,200,2024-04-25T20:39:52.696337Z,4,96,yes
817,2cf68506-6a7d-40ea-875b-1b103536c549,FED-25JAN-T5.50,1500,2024-04-22T20:19:47.879193Z,5,95,yes
818,85226d7e-69be-4492-8944-d5fb68e9d5f1,FED-25JAN-T5.50,2000,2024-03-21T12:10:54.357336Z,3,97,no
819,41cd959b-2fe0-4687-8825-0f39cf44567e,FED-25MAR-T2.75,50,2025-02-02T20:06:20.834686Z,99,1,yes
820,c8173e15-b1ec-4cf1-879a-326e58ec0a8f,FED-25MAR-T2.75,204,2025-01-29T14:35:20.997756Z,98,2,no
821,b0c8b7f0-147e-4b2a-9cec-ace4a6f34176,FED-25MAR-T2.75,50,2025-01-29T14:35:20.997756Z,98,2,no
822,1c3377bf-1013-4b2f-953c-440ae8dbc0d0,FED-25MAR-T2.75,100,2025-01-10T13:34:16.950588Z,99,1,yes
823,df846e33-e598-4385-94e6-dfbd6721dbc3,FED-25MAR-T2.75,5,2024-12-19T05:31:52.986384Z,96,4,no
824,c97217a8-3221-4812-85f1-a707e2e1092b,FED-25MAR-T3.25,100,2024-12-14T13:37:47.827909Z,97,3,yes
825,476b32f1-29a4-4af8-9f21-9910f2d5c286,FED-25MAR-T3.25,200,2024-12-11T18:52:45.272805Z,97,3,yes
826,a718d041-a00f-4805-adec-a71a353e34bd,FED-25MAR-T3.50,350,2025-01-06T20:34:03.713686Z,98,2,yes
827,feda4760-ad98-4d7b-b7bc-dc22237e7bce,FED-25MAR-T3.50,350,2024-12-26T20:30:50.983185Z,96,4,yes
828,7dd3bf95-aa3c-4fd0-9c45-929674e50516,FED-25MAR-T3.50,900,2024-12-26T17:11:19.68112Z,95,5,no
829,0c0fa49d-aadc-49de-8fb8-0378dc9ee5b1,FED-25MAR-T3.50,1600,2024-10-07T15:30:33.632438Z,86,14,yes
830,ab274b26-adb7-48a5-bad0-944c175d71b1,FED-25MAR-T3.50,400,2024-10-04T16:15:40.241633Z,80,20,yes
831,40177079-b0f2-437e-b52e-6c607f16b43b,FED-25MAR-T3.75,1245,2025-01-07T04:45:51.799094Z,98,2,yes
832,21a3e098-9a96-4fa9-89da-55163c3272b5,FED-25MAR-T3.75,688,2024-12-26T17:11:47.712306Z,94,6,no
833,f81ada90-3470-4b45-897e-e883594bdaeb,FED-25MAR-T3.75,500,2024-12-19T23:06:00.58235Z,94,6,no
834,01f2367a-6470-47ec-b18a-0346b3cdf7cb,FED-25MAR-T3.75,3318,2024-12-19T13:10:42.498739Z,95,5,yes
835,f40645bf-eee1-47cc-b428-1a612e0db834,FED-25MAR-T3.75,2000,2024-12-18T20:48:47.821866Z,95,5,yes
836,274cf236-b612-4372-9d7c-1c860718a9a2,FED-25MAR-T3.75,3000,2024-12-18T20:48:10.520205Z,95,5,yes
837,2ada2911-cbcf-4eb5-ab2c-1d67798e804d,FED-25MAR-T3.75,50,2024-12-18T19:40:13.37475Z,94,6,yes
838,70885ce0-4c70-4ede-a0f5-f0aafd446949,FED-25MAR-T3.75,1000,2024-12-18T19:35:40.415372Z,93,7,yes
839,96ff2c8b-f278-47aa-b05a-147e8b52759a,FED-25MAR-T3.75,1000,2024-12-18T19:35:31.654645Z,93,7,yes
840,fd6db309-53d2-41e4-b269-eaf8aa102021,FED-25MAR-T3.75,333,2024-12-18T19:35:17.133425Z,93,7,yes
841,4ac3ba49-4621-4b76-b7fe-d588e52fcda4,FED-25MAR-T3.75,333,2024-12-18T19:35:06.915886Z,93,7,yes
842,6eaebaf1-156f-4d29-af9b-403b53b23137,FED-25MAR-T3.75,333,2024-12-18T19:34:58.014864Z,93,7,yes
843,704da01c-eede-4129-b469-5416c23c008c,FED-25MAR-T3.75,300,2024-12-18T19:31:18.516532Z,93,7,yes
844,e365a700-5cec-43a6-8744-7e4187d551bd,FED-25MAR-T3.75,333,2024-12-18T19:30:57.946048Z,93,7,yes
845,be3ac1c5-b871-41a7-96fc-6c22c1b1e85d,FED-25MAR-T3.75,1000,2024-12-18T19:30:36.01121Z,93,7,yes
846,00bf7d85-79f8-491c-a4f8-a7d64dc3be6b,FED-25MAR-T3.75,1000,2024-12-18T19:30:21.304222Z,93,7,yes
847,10eb1646-e88c-4acc-8370-c26412a80b7b,FED-25MAR-T3.75,1000,2024-12-18T19:30:21.097003Z,93,7,yes
848,ef077772-9e14-4f8a-97fe-d664600c1b03,FED-25MAR-T3.75,1000,2024-11-30T21:05:49.249589Z,91,9,yes
849,6b866a04-d591-4ef3-af50-03cf6360a693,FED-25MAR-T3.75,1000,2024-11-28T17:23:09.328071Z,90,10,yes
850,3a0a0ab6-6809-4719-99dc-83d142eb27cf,FED-25MAR-T3.75,100,2024-11-23T15:41:35.025743Z,92,8,yes
851,3c630a98-fd52-4222-9dfe-435e07a98244,FED-25MAR-T3.75,333,2024-10-30T21:28:26.509354Z,87,13,yes
852,78b88295-bff7-425b-83ac-07fa1397923e,FED-25MAR-T3.75,902,2024-10-22T05:17:06.993804Z,77,23,no
853,be7b1f7f-f1b7-4f84-8235-067afd22fdaf,FED-25MAR-T3.75,500,2024-10-10T18:44:21.778366Z,75,25,yes
854,9c709534-c360-47c8-9777-cbd280edac81,FED-25MAR-T3.75,1000,2024-10-07T15:32:57.124129Z,72,28,yes
855,29166793-3150-4226-899e-8f77bb88a12a,FED-25MAR-T3.75,2,2024-10-07T15:32:57.124129Z,70,30,yes
856,58d104cb-07e6-4da9-b6b7-efac73cb468a,FED-25MAR-T3.75,400,2024-10-04T16:42:50.981661Z,67,33,yes
857,8dfce965-8876-4a5e-a8b7-561467d5982a,FED-25MAR-T3.75,200,2024-10-03T00:19:41.943423Z,67,33,no
858,38ad34e8-af71-456c-a5fc-729afa2ffedc,FED-25MAR-T3.75,500,2024-10-03T00:09:56.762599Z,70,30,no
859,6afe578d-4811-4115-9821-a725218b38a8,FED-25MAR-T3.75,2,2024-09-24T02:23:46.606834Z,63,37,no
860,1795bcfb-ddca-4faf-a636-376412ba0ce2,FED-25MAR-T3.75,200,2024-09-24T02:23:46.606834Z,63,37,no
861,c0976bfa-8b27-4f00-b7f0-06b6a3dbb4af,FED-25MAR-T4.00,514,2025-02-10T05:24:23.866313Z,98,2,no
862,c884a2bb-dc86-4fc1-886e-8180ae6aeee5,FED-25MAR-T4.00,1,2025-02-06T02:28:42.646054Z,98,2,no
863,54e6fbfa-bb65-4337-b3e7-f28fa6f38664,FED-25MAR-T4.00,93,2025-02-05T23:32:22.805325Z,98,2,no
864,74f0a073-46cc-4b9b-b236-226aee72a243,FED-25MAR-T4.00,230,2025-02-05T17:42:21.060267Z,98,2,no
865,2a09d43b-143f-4ffc-b660-233b51909132,FED-25MAR-T4.00,62,2025-02-02T14:37:46.644Z,97,3,no
866,738173fd-0e6f-4bcd-aec3-99a164964a3b,FED-25MAR-T4.00,31,2025-02-01T20:07:41.360458Z,97,3,no
867,fb32bfed-52fe-445a-84b4-447e6fb5747c,FED-25MAR-T4.00,31,2025-02-01T01:21:35.634482Z,97,3,no
868,82b51843-2bd4-402b-8e07-2ddbe76a6be0,FED-25MAR-T4.00,27,2025-01-31T19:03:50.33406Z,97,3,no
869,afce0e10-7671-4f17-8b41-191ec8abe43e,FED-25MAR-T4.00,64,2025-01-31T18:37:40.980422Z,97,3,no
870,2ad8c396-8af8-4be9-a855-b88e7805945d,FED-25MAR-T4.00,4000,2025-01-31T06:38:18.70321Z,98,2,yes
871,d50ea7ef-8318-40aa-b4ce-22ebe39476d0,FED-25MAR-T4.00,62,2025-01-30T16:45:31.283229Z,97,3,no
872,8313056c-7787-48d7-933b-693c0aff19a3,FED-25MAR-T4.00,1500,2025-01-29T20:14:12.971914Z,97,3,no
873,674d98b4-f2b5-420b-b526-54b226181f49,FED-25MAR-T4.00,19,2025-01-29T19:46:15.921322Z,97,3,no
874,0fe1822f-d61d-46b9-bf0e-e6ae5d4490c6,FED-25MAR-T4.00,530,2025-01-29T18:06:39.727868Z,97,3,no
875,929d98ad-24bc-4aec-a895-8e657c5d74f6,FED-25MAR-T4.00,156,2025-01-28T16:14:38.939043Z,97,3,no
876,bd2d42b0-aee3-433c-b0d0-4c17a8530d49,FED-25MAR-T4.00,62,2025-01-27T14:54:09.647196Z,97,3,no
877,588424e1-6199-4dd9-a622-383402f243e7,FED-25MAR-T4.00,1171,2025-01-23T20:03:22.171475Z,96,4,no
878,abb4a0a4-8aa5-4309-ae3b-307ae3d00250,FED-25MAR-T4.00,1500,2025-01-22T15:10:06.557756Z,98,2,yes
879,d6edf4a5-eaa8-43d3-863c-84875a89c39e,FED-25MAR-T4.00,5,2025-01-20T01:34:04.648474Z,95,5,no
880,bb5e2e17-4745-4d30-8d0c-fbe8822a43b6,FED-25MAR-T4.00,337,2025-01-16T02:42:04.599024Z,95,5,no
881,842b142a-d782-4f5a-a2b3-1f619a934bc5,FED-25MAR-T4.00,600,2025-01-16T02:42:04.599024Z,95,5,no
882,146f7337-9dc7-48c8-b389-3a2ab417a56a,FED-25MAR-T4.00,156,2025-01-15T00:25:09.932256Z,98,2,yes
883,c80902d8-8b84-4262-8888-534af1aa22a7,FED-25MAR-T4.00,5,2025-01-12T19:15:33.441238Z,99,1,yes
884,1cbad7f6-af98-4d8f-b4c8-7296ca687e12,FED-25MAR-T4.00,1100,2025-01-10T13:46:11.343672Z,97,3,yes
885,c9ae6f8f-fe6d-4722-9972-928cec2a899f,FED-25MAR-T4.00,868,2025-01-09T21:47:23.414033Z,95,5,yes
886,ad4b7566-d8ab-4381-9c1a-894701507a6d,FED-25MAR-T4.00,2,2025-01-09T21:47:23.414033Z,94,6,yes
887,3f281f4b-fb15-4303-97cf-c49ca42d2eb4,FED-25MAR-T4.00,1250,2025-01-09T21:47:23.414033Z,94,6,yes
888,fd309a54-317a-4c44-a09a-101cc3769dd1,FED-25MAR-T4.00,936,2024-12-19T13:00:24.590964Z,89,11,yes
889,6efc7baa-bb2e-4873-aeb9-abe4c6bbc05c,FED-25MAR-T4.00,2,2024-12-18T20:02:26.963982Z,88,12,yes
890,b3005102-fb3b-41e6-a10f-c5f056bcbaa1,FED-25MAR-T4.00,200,2024-12-18T19:35:40.1742Z,87,13,yes
891,b09617dc-0a11-49bf-9516-8ab422e0ba2b,FED-25MAR-T4.00,300,2024-12-18T19:35:30.884758Z,87,13,yes
892,44f73351-2c41-47fd-8ab6-f9e36b00b807,FED-25MAR-T4.00,100,2024-12-18T19:35:17.249908Z,87,13,yes
893,a816e4fd-eddf-4e22-9f1d-8a4a0d06ed38,FED-25MAR-T4.00,333,2024-12-18T19:35:07.006281Z,87,13,yes
894,57cfd544-a1aa-46d0-98c7-a8e242fce45c,FED-25MAR-T4.00,300,2024-12-18T19:34:58.246559Z,87,13,yes
895,fecca87c-0e56-4c19-af70-744537da7f19,FED-25MAR-T4.00,333,2024-12-18T19:34:58.125055Z,87,13,yes
896,f3756336-f929-45b4-be4d-b1d0e00cc4c6,FED-25MAR-T4.00,500,2024-12-18T19:30:36.314254Z,87,13,yes
897,512f2289-9b06-41a3-bef1-522babdb613c,FED-25MAR-T4.00,1000,2024-12-18T19:30:36.20485Z,87,13,yes
898,8605e71e-18e4-4c38-afa5-75228c3a541e,FED-25MAR-T4.00,2,2024-12-18T19:30:36.10539Z,86,14,yes
899,089359ff-7ff1-4490-9222-e21a41fbf4d1,FED-25MAR-T4.00,998,2024-12-18T19:30:36.10539Z,87,13,yes
900,ecde9823-0452-4616-b075-e57b76d1f312,FED-25MAR-T4.00,1000,2024-12-18T19:30:24.908156Z,87,13,yes
901,3d4f5c3e-00e6-45dc-b7d2-8bb31d2bda0a,FED-25MAR-T4.00,1000,2024-12-18T19:30:24.838825Z,87,13,yes
902,c21b09fd-6959-458d-9316-de947a5dbef9,FED-25MAR-T4.00,1000,2024-12-18T19:30:24.76322Z,87,13,yes
903,80277364-d833-44e4-86fe-97ae2ca6bb28,FED-25MAR-T4.00,200,2024-12-17T20:53:32.835323Z,85,15,yes
904,6d049845-7975-43f1-aaae-d922c64e26a7,FED-25MAR-T4.00,2,2024-12-17T20:53:32.835323Z,84,16,yes
905,0f36689b-0dc1-49d5-8175-938553fea6f5,FED-25MAR-T4.00,200,2024-12-17T20:53:32.835323Z,85,15,yes
906,ee99eac2-2043-4d8e-a2a4-c7eee1d19bcf,FED-25MAR-T4.00,700,2024-12-17T20:52:30.402093Z,85,15,yes
907,eb7ef6b7-8fa0-4bcd-b536-0c108d2af53f,FED-25MAR-T4.00,200,2024-12-17T20:52:30.402093Z,85,15,yes
908,e4db057f-cab9-4088-8731-e9d346507e5c,FED-25MAR-T4.00,2,2024-12-17T20:52:30.402093Z,84,16,yes
909,c02fb7b2-e799-4330-b885-f0e2c8114a32,FED-25MAR-T4.00,100,2024-12-17T20:52:30.402093Z,85,15,yes
910,7522634c-3c1b-46ed-9352-279b08359f73,FED-25MAR-T4.00,198,2024-12-16T19:08:48.032584Z,77,23,no
911,29e2d143-743b-4176-932c-b8671dd9fd51,FED-25MAR-T4.00,2,2024-12-16T19:08:48.032584Z,78,22,no
912,fdcd7fe7-ee4b-401f-8277-fdbd8f596529,FED-25MAR-T4.00,200,2024-10-12T14:38:32.851907Z,69,31,yes
913,d36284fa-8cdd-40f3-935b-46c7d23769e0,FED-25MAR-T4.00,500,2024-10-03T00:16:54.489499Z,45,55,no
914,fc33e5e5-d6b5-4b4c-9ea1-1b4a31911e79,FED-25MAR-T4.00,200,2024-10-03T00:12:00.513373Z,48,52,no
915,51b1c0cb-727e-4f8d-a247-ac64cc8306e7,FED-25MAR-T4.00,300,2024-10-03T00:09:36.972728Z,49,51,no
916,399d0618-49d3-4b90-a677-d9fe1eed7823,FED-25MAR-T4.00,400,2024-09-25T01:43:04.625939Z,43,57,no
917,a9c312eb-9bd3-4f3a-9d39-89496dda3774,FED-25MAR-T4.00,300,2024-09-24T23:44:31.565328Z,44,56,no
918,10168d2e-dcc3-4bd3-862f-db9500f5f2d7,FED-25MAR-T4.00,400,2024-09-24T23:42:33.906843Z,45,55,no
919,c900cc9f-9802-45b7-bd0e-3a9210a7d8ab,FED-25MAR-T4.00,300,2024-09-24T23:37:08.183103Z,46,54,no
920,19aecb0a-bf4b-473f-b234-4e44c9961f5f,FED-25MAR-T4.00,100,2024-09-22T21:38:32.324599Z,47,53,no
921,946818ab-45db-40fb-b983-118c7ba35ebe,FED-25MAR-T4.00,50,2024-09-20T13:30:38.100266Z,48,52,no
922,67cf1e8b-89e8-4fa0-89ca-8c6e88e230f1,FED-25MAR-T4.00,50,2024-09-20T13:22:48.936Z,52,48,no
923,46a365a3-2b6c-498f-a792-a8a334b71268,FED-25MAR-T4.00,2,2024-09-20T13:17:35.309575Z,55,45,no
924,0b67ef07-228f-4fcc-bc32-9c31e3b604f5,FED-25MAR-T4.00,50,2024-09-20T13:17:35.309575Z,55,45,no
925,a732ed98-991f-4b47-8cd6-f814d9a5d3f0,FED-25MAR-T4.25,4675,2025-03-19T17:45:37.265951Z,99,1,no
926,1cf9fec6-1b63-4e8f-8f6c-8b1e1ffa677d,FED-25MAR-T4.25,1,2025-03-18T21:57:40.491323Z,99,1,no
927,6890be75-e86c-49bf-becf-22c3340be438,FED-25MAR-T4.25,2,2025-03-18T21:57:35.010575Z,99,1,no
928,226890ad-1d38-40ed-abd0-d5b8021a4708,FED-25MAR-T4.25,1,2025-03-18T21:57:23.841069Z,99,1,no
929,261b3e87-425a-41c8-a248-b55b39567639,FED-25MAR-T4.25,6,2025-03-18T21:49:47.89994Z,99,1,no
930,f2450476-b5a1-49e3-9ea0-0fb5b4e1163c,FED-25MAR-T4.25,5,2025-03-18T21:49:16.599511Z,99,1,no
931,bb196385-a261-4ffa-abdb-2db37c48bdf9,FED-25MAR-T4.25,1,2025-03-18T21:40:19.109913Z,99,1,no
932,cc8d4bdc-cb77-4c0f-8fcf-e6dcdf505476,FED-25MAR-T4.25,3,2025-03-18T21:23:01.173095Z,99,1,no
933,c7f1e8ee-978c-4ab6-a231-8aed8f6952b6,FED-25MAR-T4.25,1,2025-03-18T21:15:34.861297Z,99,1,no
934,f39bbc26-6cdf-40ff-be7d-039893a46b5f,FED-25MAR-T4.25,3,2025-03-18T21:02:19.150511Z,99,1,no
935,3d61c32b-0bed-45e9-a5e8-b99124d93643,FED-25MAR-T4.25,1,2025-03-18T21:00:52.770638Z,99,1,no
936,59781693-97fe-4a33-8a29-01d00a5a3519,FED-25MAR-T4.25,1,2025-03-18T20:57:44.494146Z,99,1,no
937,d1ffceb4-9830-47e7-96c9-b59539757dbc,FED-25MAR-T4.25,3,2025-03-18T20:50:23.490205Z,99,1,no
938,cf5c430c-1dda-4c94-925a-3ca9a09599a0,FED-25MAR-T4.25,3,2025-03-18T20:34:00.061357Z,99,1,no
939,155f7b34-7b8d-46de-961f-b33cb2391482,FED-25MAR-T4.25,1,2025-03-18T20:30:20.790076Z,99,1,no
940,a53c0304-eadc-4055-b8e8-7d4bafffea9e,FED-25MAR-T4.25,123,2025-03-18T20:23:13.779555Z,99,1,no
941,feab13ea-6e17-4781-ac93-5720f3ba18d4,FED-25MAR-T4.25,106,2025-03-17T23:02:08.249382Z,99,1,yes
942,329724b2-a3d3-4a71-be1d-a94f93aecf31,FED-25MAR-T4.25,100,2025-03-17T23:00:00.293073Z,98,2,no
943,524180a9-09a2-43d3-aa00-f016f113ac5e,FED-25MAR-T4.25,1149,2025-03-17T13:22:49.160653Z,99,1,yes
944,bd7d9bc6-08c5-422a-93ac-a926b4aeb1fa,FED-25MAR-T4.25,5,2025-03-17T05:25:18.455374Z,98,2,no
945,2a9f9662-7fd9-4238-86c0-5ce77c1dcb4a,FED-25MAR-T4.25,467,2025-03-14T00:46:09.003916Z,98,2,no
946,54a93ed5-d9fa-4191-adb1-17962771d3ee,FED-25MAR-T4.25,1,2025-03-13T18:13:54.676188Z,99,1,yes
947,ca689542-ac1b-4bf7-a55f-a7e717e06ea2,FED-25MAR-T4.25,1613,2025-03-12T20:24:41.836278Z,99,1,yes
948,f2214cdd-9090-452e-adae-0a69f9ac0907,FED-25MAR-T4.25,1,2025-03-11T12:41:07.780766Z,98,2,yes
949,bf34987f-9e0c-48aa-bd8c-d85662163270,FED-25MAR-T4.25,2377,2025-03-11T12:39:47.03328Z,98,2,yes
950,6416caac-1f6c-4299-aff4-5d45f5de0f96,FED-25MAR-T4.25,25,2025-03-11T05:54:01.546282Z,99,1,yes
951,e22acfd0-9041-4621-898d-c99d6d75eb2c,FED-25MAR-T4.25,40,2025-03-10T19:06:21.78992Z,98,2,no
952,beecc7d9-f57e-4cec-a98d-bc6def3d725e,FED-25MAR-T4.25,7959,2025-03-10T19:06:21.78992Z,98,2,no
953,bbbe2f2a-b034-4be5-9905-b56308e7a2e7,FED-25MAR-T4.25,10,2025-03-10T19:06:21.78992Z,98,2,no
954,68fa0854-c29e-44eb-afc9-a4402ae7d597,FED-25MAR-T4.25,80,2025-03-10T19:06:21.78992Z,98,2,no
955,4c8cee17-4267-4cd3-8c98-98249f4af82a,FED-25MAR-T4.25,13041,2025-03-07T17:40:51.146883Z,98,2,yes
956,5b11bb8b-4f24-46b0-8a88-09858536dd65,FED-25MAR-T4.25,4500,2025-03-07T17:39:10.316857Z,98,2,yes
957,bb70f9c1-4c0e-4840-82b8-1749c7fa9f80,FED-25MAR-T4.25,10,2025-03-07T13:42:24.521305Z,96,4,no
958,d7579f38-d753-4238-b62d-022a54122bc1,FED-25MAR-T4.25,1500,2025-03-07T13:36:46.165445Z,97,3,yes
959,2534ad76-a1fc-4d1f-95c0-2af1c71046cd,FED-25MAR-T4.25,3000,2025-03-07T13:33:53.988158Z,97,3,yes
960,18d07a9c-da2d-4543-8355-9f061892fd59,FED-25MAR-T4.25,8973,2025-03-06T21:12:00.688107Z,94,6,yes
961,6166aeea-71b0-4055-aeff-b65a6877743d,FED-25MAR-T4.25,10,2025-03-04T21:57:21.17622Z,95,5,yes
962,24c28b32-85cb-41c8-9419-1919ac09426d,FED-25MAR-T4.25,3000,2025-03-04T21:57:21.17622Z,96,4,yes
963,542a1e03-bcd9-4299-a3c2-3a84be3e76d2,FED-25MAR-T4.25,10,2025-03-04T15:16:30.87629Z,90,10,yes
964,9d845f24-8b34-48d0-8e4a-7a4aa23d8ca3,FED-25MAR-T4.25,10,2025-03-04T15:14:06.671374Z,91,9,yes
965,332876de-6791-4b77-9ee0-7f302f5dc277,FED-25MAR-T4.25,900,2025-03-04T15:14:02.417897Z,91,9,no
966,a0dd7dae-a2c9-4071-be70-14d10d2c858d,FED-25MAR-T4.25,9375,2025-03-04T14:41:00.256616Z,92,8,yes
967,8f42bd1d-e737-4d9a-9867-f8cbd02cfb32,FED-25MAR-T4.25,2084,2025-03-04T14:34:47.218336Z,92,8,yes
968,14f1acf4-5d42-40be-ba30-51d4569f35aa,FED-25MAR-T4.25,2587,2025-03-04T14:33:39.76234Z,92,8,yes
969,92f64cbc-c375-4c93-a29d-ff39e149a60c,FED-25MAR-T4.25,5,2025-03-04T14:32:19.193556Z,92,8,no
970,531dd11a-fd16-44bb-8259-f066df73a0c6,FED-25MAR-T4.25,3995,2025-03-04T14:32:19.193556Z,92,8,no
971,ae3f2934-4fe5-444c-920d-48dc75f41d50,FED-25MAR-T4.25,10,2025-03-03T20:43:56.175784Z,92,8,yes
972,25315306-e270-4115-aa5c-b3a5db16d20e,FED-25MAR-T4.25,10,2025-03-03T20:43:42.724918Z,92,8,yes
973,e79ddc9c-fce4-442a-8af1-f6b30f5e02e7,FED-25MAR-T4.25,10,2025-03-03T20:42:53.965712Z,92,8,yes
974,eb2df2de-3e07-4276-b599-9e30e0ca02bc,FED-25MAR-T4.25,10,2025-02-28T19:30:18.424602Z,94,6,yes
975,f144106b-2518-4e28-b426-995d22c483ea,FED-25MAR-T4.25,500,2025-02-28T19:30:15.761628Z,94,6,no
976,6eadf6ff-e102-437a-a380-374368d6e86d,FED-25MAR-T4.25,500,2025-02-25T15:10:50.317308Z,95,5,no
977,7f8c12df-0446-4ef0-ab25-8c717e1e07fe,FED-25MAR-T4.25,7541,2025-02-23T15:02:54.085811Z,96,4,yes
978,3d1aa900-0a40-46a3-8377-c5f2c852ce8b,FED-25MAR-T4.25,690,2025-02-21T19:28:47.515199Z,95,5,no
979,28aeba11-796a-4414-a66c-333b05ef14d4,FED-25MAR-T4.25,1000,2025-02-21T19:28:47.515199Z,95,5,no
980,7bdb3272-352e-473c-84b4-add262c8f822,FED-25MAR-T4.25,67,2025-02-21T19:04:55.383951Z,96,4,no
981,b2379ab4-59fa-4a28-820a-3d846397cb54,FED-25MAR-T4.25,600,2025-02-21T19:04:55.294185Z,96,4,no
982,b1bb0d27-b28d-4ccc-baa2-92ed2e09a02e,FED-25MAR-T4.25,2933,2025-02-21T19:04:55.294185Z,96,4,no
983,a2805d34-d342-4391-8cf5-e506f6ed79c7,FED-25MAR-T4.25,500,2025-02-21T19:04:55.294185Z,96,4,no
984,924277bc-13e6-4d15-8841-612299167845,FED-25MAR-T4.25,8468,2025-02-21T19:04:55.294185Z,96,4,no
985,b3b50e17-9cdf-41ac-971a-81afdd9b60a2,FED-25MAR-T4.25,522,2025-02-21T19:04:17.069924Z,96,4,no
986,fb62a617-28f2-4dc0-b755-e61ee12bbd14,FED-25MAR-T4.25,2990,2025-02-20T14:42:22.448031Z,97,3,no
987,ef80ae80-7eb0-4c34-a365-e78e2ac80b3d,FED-25MAR-T4.25,10,2025-02-20T14:22:30.263309Z,97,3,no
988,0fcd3b2b-bec9-404b-82a7-73423b010d8e,FED-25MAR-T4.25,100,2025-02-19T05:33:36.335341Z,96,4,no
989,9b62a475-2ecb-4fed-a98c-1754c8c49204,FED-25MAR-T4.25,2459,2025-02-18T17:07:52.100531Z,98,2,yes
990,abd45114-67f0-4e70-b517-3bb84c940844,FED-25MAR-T4.25,2113,2025-02-18T00:22:15.36255Z,97,3,yes
991,bd03a7e4-4f9f-4379-bfc3-6886293ea089,FED-25MAR-T4.25,887,2025-02-15T21:34:59.859271Z,97,3,no
992,4b807bab-6624-42e6-a724-35abcd0ab16b,FED-25MAR-T4.25,13,2025-02-15T21:06:36.001316Z,97,3,no
993,395afa49-d017-4ca0-8a6d-d777a43aeb1d,FED-25MAR-T4.25,910,2025-02-14T21:56:31.327667Z,96,4,no
994,226a15a7-d4d9-4ae1-b80a-37e3844bd690,FED-25MAR-T4.25,1549,2025-02-14T21:56:31.327667Z,96,4,no
995,9e57d580-6c54-48d6-9f0f-fabc02f49cd9,FED-25MAR-T4.25,218,2025-02-14T16:48:32.738305Z,97,3,no
996,8c284f25-9522-4b3b-83b2-1134f364ccf1,FED-25MAR-T4.25,209,2025-02-14T16:48:32.738305Z,97,3,no
997,02049642-a5aa-4705-9f41-6f2b44f107e9,FED-25MAR-T4.25,25,2025-02-13T14:08:19.637098Z,97,3,no
998,ec1f0602-416d-4f23-8db0-444bf2b429e3,FED-25MAR-T4.25,1,2025-02-12T22:56:50.058551Z,97,3,no
999,6a798d45-56f7-4855-a3e2-9bad04f5b788,FED-25MAR-T4.25,1597,2025-02-12T14:15:42.542104Z,97,3,yes
1000,4123163e-52da-43a1-ab0e-0a003dcbc506,FED-25MAR-T4.25,55,2025-02-12T14:15:42.542104Z,97,3,yes
1001,2e08cc6c-cfc9-46c0-89a1-4796c70ee3c4,FED-25MAR-T4.25,1,2025-02-12T14:15:42.542104Z,97,3,yes
1002,fa3b2e75-e776-4fdb-bf54-0e83cb7ced1a,FED-25MAR-T4.25,22,2025-02-12T13:33:01.7418Z,96,4,yes
1003,37cf3a2f-3758-4a34-8ccb-5ee9ca39537c,FED-25MAR-T4.25,1000,2025-02-11T16:58:08.717133Z,95,5,yes
1004,bfbd2855-bc48-4e08-8546-b1cd674dbedf,FED-25MAR-T4.25,10,2025-02-11T16:03:13.797133Z,93,7,no
1005,fc96434e-0fe2-4553-8555-689596379a2a,FED-25MAR-T4.25,10,2025-02-11T14:46:32.179951Z,92,8,no
1006,dca8423b-3225-428e-824a-da4597ea6683,FED-25MAR-T4.25,23,2025-02-11T14:24:57.062787Z,93,7,yes
1007,951fb77b-f655-4c9d-92cb-bb28d42cd457,FED-25MAR-T4.25,195,2025-02-11T14:24:57.062787Z,93,7,yes
1008,1b5cb8c7-a603-4821-bef9-28d965b2e1dc,FED-25MAR-T4.25,41,2025-02-11T14:24:57.062787Z,93,7,yes
1009,e5b0dcda-a163-4f01-9091-925e30bc969b,FED-25MAR-T4.25,9,2025-02-11T07:30:54.729021Z,93,7,yes
1010,9925124e-81d2-4133-85d9-7ac798c34ba8,FED-25MAR-T4.25,20,2025-02-11T01:35:00.828185Z,91,9,no
1011,39071797-bcf6-41d8-9a30-0c123f637c4c,FED-25MAR-T4.25,10,2025-02-10T22:18:26.54339Z,91,9,no
1012,c8f0b6b7-db2e-4cfb-bdae-7a9540b669bc,FED-25MAR-T4.25,10,2025-02-10T22:17:37.218693Z,91,9,no
1013,27e80b03-7137-4775-9dca-258dd56466df,FED-25MAR-T4.25,10,2025-02-10T22:16:33.836272Z,91,9,no
1014,83a74d7a-1178-4158-978c-b01ab8e14db9,FED-25MAR-T4.25,10,2025-02-10T22:15:45.327808Z,91,9,no
1015,ac4b1273-c29f-4618-b30e-4c2efa513906,FED-25MAR-T4.25,10,2025-02-10T21:17:03.654079Z,92,8,no
1016,436fbe2a-7400-4ab3-8bc0-0d5d4011d287,FED-25MAR-T4.25,10,2025-02-10T20:55:34.590046Z,92,8,no
1017,d52c287c-17c3-4dcc-ba07-2831a78f8e1d,FED-25MAR-T4.25,10,2025-02-10T20:40:52.49685Z,92,8,no
1018,fc7a2f63-d01b-4286-89e6-5b24a478d620,FED-25MAR-T4.25,10,2025-02-10T20:39:53.290493Z,92,8,no
1019,56b5a068-f192-45d5-8b70-85a0bb7eb023,FED-25MAR-T4.25,10,2025-02-10T20:29:24.530563Z,92,8,no
1020,fe241138-5757-49dc-97e4-0b7d26884a87,FED-25MAR-T4.25,10,2025-02-10T20:14:03.608621Z,92,8,no
1021,002f812f-d426-442a-b2b4-03e065d4b43c,FED-25MAR-T4.25,10,2025-02-10T20:12:53.404417Z,92,8,no
1022,d391dc8d-e159-41c0-99d7-c181e9deeab9,FED-25MAR-T4.25,10,2025-02-10T20:12:05.57583Z,92,8,no
1023,47ae336d-7d28-474e-90cf-9a5809d40385,FED-25MAR-T4.25,10,2025-02-10T20:10:54.361364Z,92,8,no
