,trade_id,ticker,count,created_time,yes_price,no_price,taker_side
0,76fc4ee1-f964-4aa6-834d-2047ba009017,GDP-21DEC31-T2.5,323,2022-01-26T23:53:58.509363Z,97,3,yes
1,d4b902fd-66b1-449b-aece-379932cdcc5a,GDP-21DEC31-T2.5,75,2022-01-26T15:34:38.269661Z,97,3,yes
2,28ccb39e-ccb2-4eb9-be64-83201b137c40,GDP-21DEC31-T2.5,268,2022-01-26T14:29:46.402135Z,95,5,no
3,3f8a8feb-2bcd-4857-b663-44fc0bc1b8e2,GDP-21DEC31-T2.5,92,2022-01-25T00:30:56.43499Z,95,5,yes
4,8ad57f2a-8cf0-4710-8b47-2130b9fde929,GDP-21DEC31-T2.5,25,2022-01-24T17:09:41.004226Z,95,5,yes
5,9258fc63-8d4a-4766-8b7a-711038203cb7,GDP-21DEC31-T2.5,180,2022-01-23T20:59:21.624742Z,93,7,yes
6,87166c94-0e8c-4127-a321-d41b2fb78ef7,GDP-21DEC31-T2.5,50,2022-01-21T23:14:44.866021Z,93,7,yes
7,ac4dc461-0bae-4da6-8013-f32447cfc2fa,GDP-21DEC31-T2.5,2,2022-01-21T21:38:05.133888Z,93,7,yes
8,f04fd107-b270-4496-b4f3-a92aa50594bf,GDP-21DEC31-T2.5,535,2022-01-20T18:33:07.028783Z,93,7,yes
9,13c2b8ea-23f6-420c-8dcc-3206615f1699,GDP-21DEC31-T2.5,5,2022-01-20T01:35:04.702466Z,92,8,yes
10,a37919b5-085e-432b-8538-eceec1a4f9f8,GDP-21DEC31-T2.5,8,2022-01-19T20:30:44.530458Z,90,10,no
11,08d057a1-c428-4f88-a26f-77105d1e2d03,GDP-21DEC31-T2.5,1,2022-01-19T20:30:44.530458Z,90,10,no
12,d055aaef-3a1c-46d6-9326-3a45dd13e57d,GDP-21DEC31-T2.5,415,2022-01-18T22:00:53.773495Z,89,11,yes
13,cbec6ff4-892a-4725-a525-eabdcc507acc,GDP-21DEC31-T2.5,488,2022-01-18T22:00:53.773495Z,91,9,yes
14,cb8adfde-5e18-4a22-9345-60ac6703b634,GDP-21DEC31-T2.5,448,2022-01-18T22:00:53.773495Z,90,10,yes
15,64b5c42d-4826-48f8-adf1-a4633b1fdd30,GDP-21DEC31-T2.5,395,2022-01-18T22:00:53.773495Z,88,12,yes
16,0c74f327-3079-491a-bda2-9167fb2672c7,GDP-21DEC31-T2.5,122,2022-01-18T22:00:53.773495Z,90,10,yes
17,0bc332e6-8eba-44ad-a7c3-94db7c2a1ccc,GDP-21DEC31-T2.5,535,2022-01-18T22:00:53.773495Z,92,8,yes
18,da57ac27-7a84-415f-989f-4016ed73a604,GDP-21DEC31-T2.5,390,2022-01-18T18:26:21.401902Z,87,13,yes
19,b820806d-9b74-4544-b69c-74944d83740f,GDP-21DEC31-T2.5,84,2022-01-18T18:23:27.396208Z,86,14,yes
20,cc273ffb-7f6a-405c-bca5-1c45b3641269,GDP-21DEC31-T2.5,1,2022-01-18T18:13:23.946441Z,85,15,no
21,9a9d024b-75be-42c5-ad0f-362c54e77650,GDP-21DEC31-T2.5,75,2022-01-18T18:13:23.946441Z,90,10,no
22,a2377559-0d10-42df-a0d1-3eb951430f7a,GDP-21DEC31-T2.5,309,2022-01-18T18:13:23.907751Z,90,10,no
23,01d4a78f-8bec-4fe6-98c1-be05b0ac227c,GDP-21DEC31-T2.5,116,2022-01-18T18:13:23.877831Z,90,10,no
24,5a99a5a0-497d-4f8f-93c0-7962f87b7d71,GDP-21DEC31-T2.5,50,2022-01-18T18:07:24.598319Z,91,9,no
25,cc2d8110-012c-49e1-a116-f53f04650a9b,GDP-21DEC31-T2.5,13,2022-01-18T17:22:46.426178Z,90,10,no
26,b7f06dc5-3d4d-4eb2-ba19-d8ad1cf1fe06,GDP-21DEC31-T2.5,100,2022-01-18T15:26:41.211658Z,92,8,no
27,9750b49c-5048-425b-bfeb-f08ed42b8b6c,GDP-21DEC31-T2.5,395,2022-01-18T15:26:41.211658Z,90,10,no
28,6347e6c6-56d6-4ef2-addf-b56a3c6d9f99,GDP-21DEC31-T2.5,505,2022-01-18T15:26:41.211658Z,91,9,no
29,aa39ef11-befc-4a95-9f87-035314eeaa7c,GDP-21DEC31-T2.5,500,2022-01-17T00:41:19.056713Z,95,5,yes
30,f45bc83d-6b16-4c91-8bdf-5aa5b2ac6059,GDP-21DEC31-T2.5,952,2022-01-17T00:41:16.92989Z,95,5,no
31,5495e3fb-3a27-419b-b023-78572b3b7e6f,GDP-21DEC31-T2.5,48,2022-01-17T00:41:16.92989Z,96,4,no
32,72a9eb18-5698-4e77-bb74-f26998955532,GDP-21DEC31-T2.5,324,2022-01-16T17:57:29.273072Z,96,4,no
33,298aa7db-9e49-40cd-a713-b76d7902b37a,GDP-21DEC31-T2.5,375,2022-01-16T17:57:29.273072Z,96,4,no
34,3043bd0e-9bc7-4b6a-a4fe-c167c74d2b01,GDP-21DEC31-T2.5,25,2022-01-16T17:05:51.162726Z,96,4,no
35,bf1ec54f-91fd-4dee-b7b9-bfb37fee3a2e,GDP-21DEC31-T2.5,13,2022-01-15T14:06:11.334761Z,97,3,yes
36,680b24af-612e-409a-b90e-c07edd9db39a,GDP-21DEC31-T2.5,214,2022-01-15T14:06:11.334761Z,98,2,yes
37,7037aa94-1053-4732-92b7-879c5e24fe63,GDP-21DEC31-T2.5,117,2022-01-12T14:06:16.831171Z,96,4,no
38,1912a4c6-c351-45a2-99fe-8cac1a7e2c0a,GDP-21DEC31-T2.5,112,2022-01-11T21:00:00.383258Z,97,3,no
39,8e3a2d06-abd2-41e3-abb3-5b6280dfae81,GDP-21DEC31-T2.5,163,2022-01-09T14:24:33.487436Z,97,3,yes
40,a06bd826-91c4-4b90-8794-799148c6b7b7,GDP-21DEC31-T2.5,10,2022-01-05T18:41:52.993896Z,96,4,yes
41,2bb80b62-8a17-4003-9e23-7ab04d0889e1,GDP-21DEC31-T2.5,5,2022-01-05T13:52:26.90459Z,96,4,yes
42,f532d91a-709b-4e0c-b8d9-a8430a16425a,GDP-21DEC31-T2.5,5,2022-01-03T17:03:31.500736Z,94,6,no
43,5243af50-c198-467f-abe0-5c28a145fdf3,GDP-21DEC31-T2.5,800,2022-01-02T02:34:39.768986Z,96,4,yes
44,3c83d9bb-7168-4d07-be6f-166ebc9ce893,GDP-21DEC31-T2.5,490,2022-01-02T02:34:28.172667Z,95,5,yes
45,c5b870d8-bdc0-4466-ae6a-5ef35526f240,GDP-21DEC31-T2.5,127,2021-12-30T15:06:05.185383Z,95,5,no
46,bf90e1e7-5662-4cdd-8e81-3656929df667,GDP-21DEC31-T2.5,535,2021-12-30T15:06:05.185383Z,93,7,no
47,802ae980-406d-4eec-b307-41d76c215033,GDP-21DEC31-T2.5,505,2021-12-30T15:06:05.185383Z,94,6,no
48,1db895ed-344f-4d5f-8562-f2967bc6faa3,GDP-21DEC31-T2.5,91,2021-12-30T15:06:05.185383Z,95,5,no
49,0cb2d8dc-62ff-4119-a97c-8188d4dfbf71,GDP-21DEC31-T2.5,189,2021-12-30T15:06:05.185383Z,92,8,no
50,c503979b-5c48-451d-873a-e8091e544425,GDP-21DEC31-T2.5,1,2021-12-28T19:18:43.576028Z,97,3,yes
51,676fbd79-8695-456d-a07f-3a9a1ddf3a84,GDP-21DEC31-T2.5,30,2021-12-28T19:18:43.576028Z,96,4,yes
52,8419be0b-e386-4ca1-94ba-9af1bf0df399,GDP-21DEC31-T2.5,5,2021-12-28T16:34:18.568483Z,96,4,yes
53,d53e0d53-76d5-4898-8205-93c2f91cd30e,GDP-21DEC31-T2.5,51,2021-12-27T21:56:23.695024Z,97,3,yes
54,ccf606ab-25be-47a2-b4aa-8709c08bad89,GDP-21DEC31-T2.5,70,2021-12-27T15:07:43.503283Z,95,5,no
55,11b2049b-c3a7-46f5-ae8b-a2366c4d332b,GDP-21DEC31-T2.5,24,2021-12-27T14:58:19.997657Z,95,5,no
56,fa99bfa0-7ce9-463c-8616-38b2834c8a05,GDP-21DEC31-T2.5,175,2021-12-27T13:37:52.222619Z,95,5,no
57,c4e48be2-9a96-471f-9058-3f27355e2a75,GDP-21DEC31-T2.5,10,2021-12-27T13:37:52.222619Z,95,5,no
58,0f3b3ffd-6ebb-4107-a2cd-d91533337ccc,GDP-21DEC31-T2.5,165,2021-12-27T13:37:52.222619Z,94,6,no
59,c69cd83c-1937-497a-81b5-7373abb95871,GDP-21DEC31-T2.5,31,2021-12-26T00:54:13.164492Z,95,5,no
60,3c22b52b-5f0f-4e81-af92-8d16c95523c7,GDP-21DEC31-T2.5,175,2021-12-26T00:54:13.164492Z,95,5,no
61,2390a99d-0038-4f3e-a917-a03028908f24,GDP-21DEC31-T2.5,21,2021-12-26T00:54:13.164492Z,95,5,no
62,c6faa1df-c079-40ed-bfc2-f6e2e3b03068,GDP-21DEC31-T2.5,109,2021-12-24T18:19:28.050283Z,95,5,no
63,8bbf28de-7e81-4f4c-9291-630b2e334dcb,GDP-21DEC31-T2.5,62,2021-12-24T13:48:06.79135Z,96,4,yes
64,e21e0cf0-eadf-4275-b4c9-8f42402befa3,GDP-21DEC31-T2.5,5,2021-12-23T16:36:44.729568Z,94,6,yes
65,2c0e9afa-19ff-4ccf-9ac9-cf1c68e40d70,GDP-21DEC31-T2.5,28,2021-12-22T22:29:38.644174Z,96,4,yes
66,0e1d4e69-baae-4f82-baff-fa875552f18d,GDP-21DEC31-T2.5,1,2021-12-22T22:29:38.644174Z,96,4,yes
67,fd84c65e-b667-4662-9406-1ae81f3528a8,GDP-21DEC31-T2.5,2,2021-12-22T22:29:23.785709Z,95,5,yes
68,d3ce6f2a-d50f-4813-bc5b-6e1a68d011a3,GDP-21DEC31-T2.5,5,2021-12-21T23:22:18.36744Z,91,9,no
69,79f2bd9b-09ab-4d35-80a6-bd147edfa462,GDP-21DEC31-T2.5,125,2021-12-21T23:22:18.36744Z,91,9,no
70,34ef6329-984c-4d83-88c3-18f9e39c349b,GDP-21DEC31-T2.5,5,2021-12-20T23:41:16.573329Z,91,9,no
71,30dd404a-3714-4547-83c6-46572c0cb4c7,GDP-21DEC31-T2.5,2,2021-12-19T16:06:53.01948Z,93,7,yes
72,ac841ada-1e07-40df-9e13-e7d7b6d42a37,GDP-21DEC31-T2.5,90,2021-12-17T22:47:09.943826Z,91,9,no
73,791c7963-fc88-4a60-8448-424dadb4d153,GDP-21DEC31-T2.5,16,2021-12-17T17:59:27.387363Z,93,7,yes
74,f7e914f8-815a-497e-bdeb-fd0d444481e2,GDP-21DEC31-T2.5,1,2021-12-15T18:08:57.19214Z,93,7,yes
75,b1be2fd0-b919-4cac-a1bc-abcbc51f44ff,GDP-21DEC31-T2.5,11,2021-12-15T18:08:57.19214Z,93,7,yes
76,9270c6eb-e109-446b-a7f7-221efa96af88,GDP-21DEC31-T2.5,3,2021-12-15T18:08:57.19214Z,93,7,yes
77,2968cbd8-2b89-42ce-8bc2-6b3fab7b3061,GDP-21DEC31-T2.5,3,2021-12-15T18:08:57.19214Z,93,7,yes
78,175554dd-03ca-4d40-9f91-fc53cad609f3,GDP-21DEC31-T2.5,3,2021-12-15T18:08:57.19214Z,93,7,yes
79,dc53d587-9167-478b-9cc9-6328992bd750,GDP-21DEC31-T2.5,2,2021-12-15T17:47:13.322823Z,93,7,yes
80,f575cdda-47dd-4167-90ef-0944f37b4094,GDP-21DEC31-T2.5,16,2021-12-14T17:38:38.073207Z,93,7,yes
81,97045253-d779-4c52-8e3b-0e12f5e0ce4f,GDP-21DEC31-T2.5,10,2021-12-14T17:07:11.473985Z,93,7,yes
82,ef967f42-81b5-4e2c-ae19-00a599a478d1,GDP-21DEC31-T2.5,31,2021-12-14T16:34:13.037699Z,93,7,yes
83,c3a26907-899b-493d-82d4-078a4a4329f9,GDP-21DEC31-T2.5,200,2021-12-13T15:45:46.287001Z,93,7,yes
84,d2b282ed-f247-4959-a993-992f0a5a2787,GDP-21DEC31-T2.5,50,2021-12-12T22:51:22.030008Z,93,7,yes
85,ae579c47-8afd-46fe-b8d5-7a162d7a3356,GDP-21DEC31-T2.5,5,2021-12-11T23:27:00.006306Z,93,7,yes
86,dc2a8079-9262-42a3-958a-0745157bc714,GDP-21DEC31-T2.5,37,2021-12-10T22:32:31.32499Z,92,8,yes
87,e97d2fdb-b711-4929-94e9-0b5ad2f6474a,GDP-21DEC31-T2.5,5,2021-12-10T19:17:57.466542Z,90,10,no
88,e316deaf-0fbd-4e84-b66a-3cc2603789c8,GDP-21DEC31-T2.5,401,2021-12-10T19:17:57.466542Z,90,10,no
89,cf973d30-f15e-4745-a0d4-e8a680810dc1,GDP-21DEC31-T2.5,100,2021-12-10T13:35:48.057466Z,91,9,no
90,c34999b0-5187-4455-a5f3-239ea2e29619,GDP-21DEC31-T2.5,27,2021-12-10T13:35:48.057466Z,91,9,no
91,5264135b-0eb6-42f6-94df-d08342925949,GDP-21DEC31-T2.5,100,2021-12-09T21:48:00.345175Z,93,7,yes
92,be470b2a-2068-4313-9120-df47e98d58a6,GDP-21DEC31-T2.5,24,2021-12-09T16:11:09.841788Z,91,9,yes
93,ac03a50e-43a4-42be-bdd9-b221433a3bbf,GDP-21DEC31-T2.5,10,2021-12-09T16:07:58.06486Z,91,9,yes
94,f0a63e91-5ee6-427f-9a11-3ce44581f524,GDP-21DEC31-T2.5,212,2021-12-09T03:08:40.735982Z,91,9,no
95,9935d290-a9dc-4991-933c-9aeb54edc439,GDP-21DEC31-T2.5,24,2021-12-08T20:52:30.200659Z,92,8,no
96,ce8bc945-e888-4f7c-b54b-467af5bf7946,GDP-21DEC31-T2.5,76,2021-12-08T17:30:20.998144Z,92,8,no
97,b69c34c4-5716-4ce4-982e-acc9b463e7e4,GDP-21DEC31-T2.5,239,2021-12-08T17:30:20.998144Z,92,8,no
98,3bb8dc74-de7d-46b2-9845-e7c0be7a9c42,GDP-21DEC31-T2.5,118,2021-12-08T17:30:20.998144Z,92,8,no
99,cdd8ad2f-6e7c-4b61-a773-119e6a10c621,GDP-21DEC31-T2.5,276,2021-12-08T17:01:24.503688Z,93,7,no
100,90a523ba-4e44-45fb-8dcc-ed4a771723e0,GDP-21DEC31-T2.5,142,2021-12-07T23:13:42.407813Z,94,6,no
101,011c5ca3-c890-4ee3-84db-c8cd01082bf5,GDP-21DEC31-T2.5,2,2021-12-06T13:48:30.53896Z,92,8,no
102,e1d496bc-d604-4bf1-96c0-80ceb6547266,GDP-21DEC31-T2.5,125,2021-12-06T02:00:59.102207Z,93,7,yes
103,66fd0f8b-cb0b-4211-988a-bdea8ceaa12e,GDP-21DEC31-T2.5,10,2021-12-04T21:54:14.933876Z,92,8,no
104,81c8a578-7c63-4c46-aafb-c2cb6b0ebbef,GDP-21DEC31-T2.5,107,2021-12-04T18:08:49.247779Z,93,7,yes
105,817d3cc5-285e-4164-8bb6-898acd21244a,GDP-21DEC31-T2.5,50,2021-12-04T13:15:17.984947Z,92,8,no
106,02ef626a-2e6e-4131-88a1-31a62bcf0813,GDP-21DEC31-T2.5,170,2021-12-04T04:15:48.55728Z,92,8,yes
107,7b180a04-f059-4eac-83bb-81a42fb55867,GDP-21DEC31-T2.5,54,2021-12-03T21:10:19.717314Z,92,8,yes
108,dbb984d4-1d9d-4170-8049-e04ddd139e8f,GDP-21DEC31-T2.5,73,2021-12-03T18:34:53.224345Z,91,9,yes
109,7efe433f-db19-4d19-b4fe-b10eddfdaed0,GDP-21DEC31-T2.5,142,2021-12-03T18:11:36.396624Z,90,10,yes
110,63a9f9d4-9a7e-4360-a0cc-875569ba0f49,GDP-21DEC31-T2.5,188,2021-12-03T18:11:36.396624Z,90,10,yes
111,2d8ae61e-d6f9-43be-8939-501b6f8db8c0,GDP-21DEC31-T2.5,112,2021-12-03T18:11:36.396624Z,91,9,yes
112,4203acc1-184f-4c84-ae1b-66103a79c202,GDP-21DEC31-T2.5,165,2021-12-03T16:34:39.234786Z,89,11,yes
113,11d82ce9-001d-4c4c-b414-0d10d70808db,GDP-21DEC31-T2.5,163,2021-12-03T16:34:39.234786Z,88,12,yes
114,01c1ad0c-0c3c-4580-bf58-044cbb50105b,GDP-21DEC31-T2.5,8,2021-12-03T16:34:39.234786Z,88,12,yes
115,73786929-d971-4978-afb1-a2cb2c421628,GDP-21DEC31-T2.5,17,2021-12-02T22:43:48.072875Z,84,16,no
116,1ed4dd30-58a2-4450-8c1b-74d676d98e98,GDP-21DEC31-T2.5,133,2021-12-02T22:43:48.072875Z,85,15,no
117,d8b34ab2-1fa0-464d-9a19-c857db557222,GDP-21DEC31-T2.5,40,2021-12-02T18:09:15.779651Z,88,12,yes
118,a61d7077-0085-45f3-95b0-75be30c2989e,GDP-21DEC31-T2.5,143,2021-12-02T14:42:02.651028Z,86,14,no
119,cd200189-e518-480c-9a89-402cc0d9e940,GDP-21DEC31-T2.5,2,2021-12-02T13:31:15.81357Z,88,12,yes
120,b4b2bd71-08a4-43d0-b50a-3b8be5d8339b,GDP-21DEC31-T2.5,150,2021-12-02T02:41:05.507147Z,88,12,yes
121,2fbc17a5-9d83-412c-bdeb-9169a2f22b21,GDP-21DEC31-T2.5,10,2021-12-02T00:59:32.017508Z,87,13,no
122,134d93ff-0aad-4ee1-980b-6c8017fca798,GDP-21DEC31-T2.5,152,2021-12-02T00:59:32.017508Z,87,13,no
123,45ed09b8-b3dd-4f3d-831f-d4953857e05f,GDP-21DEC31-T2.5,169,2021-12-02T00:47:16.852151Z,88,12,no
124,26eea021-598c-4dee-a595-f1c59eb879f8,GDP-21DEC31-T2.5,52,2021-12-02T00:35:25.588998Z,89,11,no
125,5becf733-7add-499d-8fdd-6c35c460663f,GDP-21DEC31-T2.5,85,2021-12-01T22:47:27.314563Z,89,11,no
126,f97fc8af-1b86-4962-88ef-49e30c13ca8b,GDP-21DEC31-T2.5,417,2021-12-01T15:14:23.141331Z,88,12,yes
127,ebec9764-5e53-4261-a52c-cbfb85a4b287,GDP-21DEC31-T2.5,3,2021-12-01T15:14:23.141331Z,88,12,yes
128,cc78ba9c-8c0c-442d-99ed-2806e150261e,GDP-21DEC31-T2.5,195,2021-12-01T15:14:23.141331Z,91,9,yes
129,c7e11ba4-1f16-4316-83e0-aa9776e8b543,GDP-21DEC31-T2.5,152,2021-12-01T15:14:23.141331Z,92,8,yes
130,adc48e23-2cbc-4b5e-b070-fbf4db4a1f97,GDP-21DEC31-T2.5,179,2021-12-01T15:14:23.141331Z,90,10,yes
131,07a64c90-7bcd-4b41-a696-7a987e72aef3,GDP-21DEC31-T2.5,162,2021-12-01T15:14:23.141331Z,89,11,yes
132,cacce800-9a9b-4f27-a243-2135f6f428d0,GDP-21DEC31-T2.5,157,2021-12-01T15:11:52.527439Z,87,13,no
133,736cf7ba-f07a-4e76-898f-f2047957e297,GDP-21DEC31-T2.5,143,2021-12-01T15:11:52.527439Z,86,14,no
134,5cb82dcc-3e99-442b-a2c1-b13d67171ecf,GDP-21DEC31-T2.5,48,2021-12-01T14:41:16.386521Z,88,12,yes
135,f0eb935b-524b-44d6-b9e0-4af4ca855223,GDP-21DEC31-T2.5,35,2021-11-30T22:15:36.967291Z,88,12,no
136,93c4659f-dee2-4c7c-874b-66314a09595c,GDP-21DEC31-T2.5,49,2021-11-30T21:48:32.284465Z,91,9,yes
137,6a0ca7c4-372b-4819-bde3-3b13f5f2de53,GDP-21DEC31-T2.5,60,2021-11-30T21:48:32.284465Z,90,10,yes
138,8e14ea38-39a2-40ae-918e-7ad703ae34a0,GDP-21DEC31-T2.5,25,2021-11-30T20:44:15.698226Z,87,13,no
139,b2b6d30d-a844-42fc-8cb6-f5972451de66,GDP-21DEC31-T2.5,25,2021-11-30T19:09:21.970578Z,87,13,no
140,a6788a71-0cb7-4e52-9e25-200527762b31,GDP-21DEC31-T2.5,184,2021-11-30T19:09:21.970578Z,89,11,no
141,1d3a2291-3603-4e9a-bb67-a82b701a0511,GDP-21DEC31-T2.5,34,2021-11-30T19:09:21.970578Z,90,10,no
142,0533a373-5680-4e3d-9226-19de1c7eb75f,GDP-21DEC31-T2.5,168,2021-11-30T19:09:21.970578Z,88,12,no
143,e9627d17-1299-432f-97ff-cd71fb0319fd,GDP-21DEC31-T2.5,10,2021-11-30T17:11:43.741486Z,93,7,yes
144,b3701672-c964-4e93-9331-a2c2872f7520,GDP-21DEC31-T2.5,30,2021-11-29T16:44:28.561304Z,91,9,no
145,92255773-0336-474b-a80f-948861a6eac2,GDP-21DEC31-T2.5,170,2021-11-29T16:44:28.561304Z,90,10,no
146,fe744483-d49a-43b0-ae8d-a35c4b0f5ba4,GDP-21DEC31-T2.5,100,2021-11-27T19:21:37.114261Z,91,9,no
147,b80b010f-55eb-4218-bb07-b5a69c4faa99,GDP-21DEC31-T2.5,85,2021-11-27T16:53:03.514806Z,91,9,no
148,063cd592-c64a-4d1b-99d0-a82374fbe6a5,GDP-21DEC31-T2.5,15,2021-11-27T16:53:03.514806Z,92,8,no
149,7b7aad9c-5abd-4ecf-9334-36e424eab944,GDP-21DEC31-T2.5,100,2021-11-26T21:59:03.719287Z,92,8,no
150,74700cd2-4fb5-463d-bbcb-e6c4104b4b0b,GDP-21DEC31-T2.5,2,2021-11-26T17:53:16.342426Z,92,8,no
151,97e08561-0992-45c6-a1b8-329b4e7fb07e,GDP-21DEC31-T2.5,20,2021-11-26T15:47:20.5027Z,92,8,no
152,08ac54cd-76a6-47f7-9998-18f55a9a6803,GDP-21DEC31-T2.5,100,2021-11-24T19:22:13.105394Z,89,11,no
153,e5e92e11-be6b-4170-b969-831569ee7a21,GDP-21DEC31-T2.5,5,2021-11-24T17:12:14.807534Z,79,21,yes
154,e5237eec-41a1-4dae-8fb5-61436384189a,GDP-21DEC31-T2.5,5,2021-11-24T17:06:44.993633Z,78,22,yes
155,b9ea946f-4cc1-49c7-a007-beea9b9b47a0,GDP-21DEC31-T2.5,10,2021-11-24T14:32:42.460713Z,77,23,no
156,5b26195d-f170-472d-b6bf-ec121438b83a,GDP-21DEC31-T2.5,18,2021-11-23T21:04:34.426819Z,78,22,yes
157,5bbed2e0-c207-4059-b98e-6e3b540aaa3f,GDP-21DEC31-T2.5,12,2021-11-23T00:00:47.404312Z,78,22,yes
158,3009b933-72ea-43dc-93f0-0445b702a05b,GDP-21DEC31-T2.5,10,2021-11-22T22:14:47.237015Z,77,23,yes
159,5a33f155-4323-4718-996b-e35c0186eba9,GDP-21DEC31-T2.5,3,2021-11-22T21:22:36.203504Z,77,23,yes
160,cff192f3-c7e7-44ac-b9c6-32a33246d8ea,GDP-21DEC31-T2.5,1,2021-11-22T21:11:28.387244Z,77,23,yes
161,2e76be75-97a4-49e6-8f6f-ca1a5d4315c8,GDP-21DEC31-T2.5,16,2021-11-22T16:21:36.94209Z,77,23,yes
162,ff1265c7-5ea3-439d-8fc5-5b67780cb236,GDP-21DEC31-T2.5,6,2021-11-22T15:45:01.336737Z,76,24,yes
163,33fbb330-8fbe-4ad7-8dbd-940a87fc6b72,GDP-21DEC31-T2.5,38,2021-11-22T15:45:01.336737Z,77,23,yes
164,fdfa17d5-e8dd-48c8-ab8d-ad62cfcce87a,GDP-21DEC31-T2.5,20,2021-11-21T02:25:41.05198Z,76,24,yes
165,92d54eff-3a11-406d-93af-d03ba0c6754b,GDP-21DEC31-T2.5,13,2021-11-19T22:21:27.49948Z,74,26,yes
166,f02ead50-4da3-4730-97e3-7f080c1649b6,GDP-21DEC31-T2.5,14,2021-11-18T22:05:52.868491Z,76,24,yes
167,fe819728-a316-419a-9935-16595b3166da,GDP-21DEC31-T2.5,13,2021-11-18T20:44:39.703067Z,76,24,yes
168,7926bf9b-1622-4917-96d8-7a0b2011ad23,GDP-21DEC31-T2.5,13,2021-11-17T23:37:15.385602Z,75,25,no
169,afc4de46-39ba-4b3f-bd1b-db60fd8a14d8,GDP-21DEC31-T2.5,13,2021-11-17T23:37:05.218756Z,75,25,yes
170,9edf65ea-356d-4696-9845-7dc8ea86fcba,GDP-21DEC31-T2.5,100,2021-11-17T16:06:15.948776Z,74,26,no
171,912e45e6-483f-40cd-a89e-c527c9389fdd,GDP-21DEC31-T2.5,56,2021-11-17T16:06:15.948776Z,72,28,no
172,80e64b89-8d67-4c09-82c9-9a67014624de,GDP-21DEC31-T2.5,81,2021-11-17T16:06:15.948776Z,74,26,no
173,608fe802-f786-43ff-a5c1-0c1f47a1d83e,GDP-21DEC31-T2.5,13,2021-11-17T16:06:15.948776Z,73,27,no
174,48f40072-889a-4f3d-add0-1d7abe38eb37,GDP-21DEC31-T2.5,50,2021-11-17T16:06:15.948776Z,74,26,no
175,ad05b3f8-4a3e-4486-b429-000a9178ece1,GDP-21DEC31-T2.5,14,2021-11-16T19:45:23.456286Z,75,25,yes
176,4beeb0a6-f795-4158-8eb9-34d0f64801a0,GDP-21DEC31-T2.5,50,2021-11-16T19:45:23.456286Z,76,24,yes
177,92bacfe7-3ec5-45ff-b4d5-c267015161c5,GDP-21DEC31-T2.5,50,2021-11-16T18:14:29.114938Z,75,25,yes
178,34a142e7-b3fe-40d0-91aa-c9a30e071bdf,GDP-21DEC31-T2.5,69,2021-11-16T18:13:05.744475Z,74,26,yes
179,f3699760-7ecb-40e2-87c4-04a084b8a961,GDP-21DEC31-T2.5,20,2021-11-16T16:02:25.161933Z,71,29,no
180,d59ec2c9-9c0b-457b-a712-6458f945927b,GDP-21DEC31-T2.5,50,2021-11-16T16:02:25.161933Z,71,29,no
181,801de06c-2797-4a3b-8c55-1bf4a9b9cb92,GDP-21DEC31-T2.5,5,2021-11-15T21:22:45.042833Z,73,27,yes
182,4e9218ed-3518-4bc1-a540-5f1458df07ad,GDP-21DEC31-T2.5,40,2021-11-14T00:38:27.055635Z,73,27,yes
183,fb0a62cb-49d6-4cbb-a876-dec31d706545,GDP-21DEC31-T2.5,61,2021-11-13T22:12:47.773656Z,71,29,yes
184,c3c0f554-39fb-42b1-8fbe-32c68c03ac99,GDP-21DEC31-T2.5,349,2021-11-13T22:12:47.773656Z,70,30,yes
185,41e2443f-362d-44d8-ac88-f7200f9e9047,GDP-21DEC31-T2.5,2,2021-11-13T22:12:47.773656Z,70,30,yes
186,1d4da668-5e1f-4e36-b5f0-c18c1d5d1d04,GDP-21DEC31-T2.5,61,2021-11-13T22:12:47.773656Z,72,28,yes
187,1995744a-b095-47eb-a776-7354437d8f04,GDP-21DEC31-T2.5,13,2021-11-13T22:12:47.773656Z,73,27,yes
188,86515d91-895f-4f21-9252-c51de06a7ea8,GDP-21DEC31-T2.5,48,2021-11-13T16:45:48.221956Z,70,30,yes
189,3dd725bb-ea8b-4422-8061-4a69e8998e50,GDP-21DEC31-T2.5,651,2021-11-13T16:45:48.221956Z,70,30,yes
190,1955628d-3676-475f-a1a7-36efae235a71,GDP-21DEC31-T2.5,10,2021-11-13T01:45:43.866492Z,70,30,yes
191,0f2ac17d-4fd8-4ae0-a7ef-3cffe763600c,GDP-21DEC31-T2.5,60,2021-11-13T01:45:43.866492Z,69,31,yes
192,7a73341a-0255-4176-9951-c7a2b301ef01,GDP-21DEC31-T2.5,35,2021-11-13T01:44:26.741167Z,68,32,yes
193,7f50634b-3eb2-46bc-a220-ff38084df11d,GDP-21DEC31-T2.5,8,2021-11-11T22:17:21.667687Z,65,35,yes
194,78df87ae-6ee4-433f-bcc3-10abd6150a7d,GDP-21DEC31-T2.5,9,2021-11-11T00:21:01.463654Z,65,35,yes
195,9cd6ea22-e97c-48da-9aac-bb3d62df4a01,GDP-21DEC31-T2.5,58,2021-11-10T00:16:35.968155Z,67,33,no
196,8aef55a7-4918-4930-a532-4c075dacc98e,GDP-21DEC31-T2.5,163,2021-11-10T00:16:35.968155Z,68,32,no
197,3aae1c39-dd45-4e36-9b1c-3bcf30b4ea07,GDP-21DEC31-T2.5,62,2021-11-10T00:16:35.968155Z,66,34,no
198,8353dc6b-bbd2-45ab-8ccd-9fba519776df,GDP-21DEC31-T2.5,158,2021-11-09T22:35:20.773206Z,70,30,no
199,df965b7d-7a61-4038-b398-0b66abcd7eec,GDP-21DEC31-T2.5,62,2021-11-09T22:29:25.889846Z,73,27,no
200,4785c0d0-e56b-4baa-9f9a-f59f5db1f30a,GDP-21DEC31-T2.5,1,2021-11-09T22:29:25.889846Z,72,28,no
201,12623f07-e697-418f-a1d2-75efe3e3a477,GDP-21DEC31-T2.5,208,2021-11-09T22:29:25.889846Z,74,26,no
202,792afcfe-6904-4100-aa32-4b226f81eac0,GDP-21DEC31-T2.5,180,2021-11-09T21:56:21.588532Z,77,23,yes
203,dbddd289-d3d0-43ff-8eec-08a4f7dc533f,GDP-21DEC31-T2.5,5,2021-11-09T14:51:19.133796Z,77,23,yes
204,7898d840-a8b6-41ea-937f-9b3c7b1d730b,GDP-21DEC31-T2.5,2,2021-11-08T19:29:55.98004Z,77,23,yes
205,1dbdd775-b39d-4803-b158-2e302fb6b477,GDP-21DEC31-T2.5,18,2021-11-08T15:43:40.496623Z,77,23,yes
206,c902b335-3202-4147-b1a4-f501d4b8c336,GDP-21DEC31-T2.5,125,2021-11-07T00:34:59.359001Z,75,25,yes
207,91d10416-bcdf-410a-9db1-4e7b17eb0feb,GDP-21DEC31-T2.5,45,2021-11-06T21:27:20.759042Z,70,30,no
208,5322f99c-e03f-47cb-aac5-bd4f7acdea01,GDP-21DEC31-T2.5,15,2021-11-06T15:39:57.271582Z,69,31,no
209,55b193d7-913a-431e-97a0-01321e53b877,GDP-21DEC31-T2.5,16,2021-11-06T15:38:58.374514Z,71,29,no
210,2161602a-1884-43c1-9ff3-bc4fd35ba4fb,GDP-21DEC31-T2.5,190,2021-11-05T21:10:49.755396Z,75,25,yes
211,996781ad-b513-4395-8e01-54445bbf8249,GDP-21DEC31-T2.5,1,2021-11-05T17:14:46.906919Z,75,25,yes
212,512b9826-705a-4a69-ac98-7ff591c56c48,GDP-21DEC31-T2.5,31,2021-11-04T20:28:08.307061Z,70,30,no
213,4ea1318f-52d0-4b27-81b2-08443f69e91e,GDP-21DEC31-T2.5,90,2021-11-03T17:21:49.311928Z,74,26,yes
214,8922c62e-96bf-4010-a01b-3820e5d0bce9,GDP-21DEC31-T2.5,1,2021-11-03T15:28:54.998991Z,74,26,yes
215,bef0f68d-8617-4c95-93b3-fc1d51862276,GDP-21DEC31-T2.5,15,2021-11-02T18:42:13.34881Z,69,31,no
216,d46fd150-b9b0-4c93-b847-7fd2bc526bbe,GDP-21DEC31-T2.5,1,2021-11-02T01:25:50.382731Z,74,26,yes
217,504130b3-5708-40f1-8305-d96af795d961,GDP-21DEC31-T2.5,150,2021-10-30T19:17:35.102324Z,72,28,yes
218,ebe12cb9-41c1-4fc9-8a74-edaf1022df86,GDP-21DEC31-T2.5,1,2021-10-30T18:32:39.835189Z,72,28,yes
219,906d7826-617f-4934-8673-c56333b39565,GDP-21DEC31-T2.5,61,2021-10-30T13:42:11.431645Z,69,31,yes
220,2687a4fc-e47e-4327-9a53-a3ac0700e4f5,GDP-21DEC31-T2.5,48,2021-10-30T13:41:38.677206Z,68,32,yes
221,01cb885e-f707-4b99-afc6-32b9e5018202,GDP-21DEC31-T2.5,190,2021-10-30T13:41:20.837601Z,67,33,yes
222,0c7eea29-761d-4002-b5a2-bc53b889f889,GDP-21DEC31-T2.5,56,2021-10-29T23:25:05.945109Z,61,39,yes
223,a61ea134-5a3c-4727-92ed-28be8882cfce,GDP-21DEC31-T2.5,49,2021-10-29T23:24:53.925627Z,60,40,yes
224,9506894e-2103-4eea-aac3-f65b00079e48,GDP-21DEC31-T2.5,172,2021-10-29T23:24:53.925627Z,59,41,yes
225,537d7097-932c-4de3-9a8a-334fa24b2433,GDP-21DEC31-T2.5,172,2021-10-29T23:24:05.895222Z,59,41,yes
226,a6f398f9-8981-417e-90d2-3938ab20e1e3,GDP-21DEC31-T2.5,50,2021-10-29T23:22:10.599668Z,58,42,yes
227,e85c21c3-50e2-4bdb-960e-6196b2f7bf5a,GDP-21DEC31-T2.5,50,2021-10-29T23:08:41.290744Z,54,46,yes
228,abad6891-04d5-4c00-b212-93b6b0564540,GDP-21DEC31-T2.5,54,2021-10-29T23:08:41.290744Z,55,45,yes
229,611a7c5e-9fec-4614-a69b-b4d4f6b319b4,GDP-21DEC31-T2.5,166,2021-10-29T23:08:41.290744Z,53,47,yes
230,7ac394e1-f107-4f2d-b370-5063329e065e,GDP-22MAR31-T0.5,724,2022-04-28T12:23:28.375905Z,60,40,yes
231,67d76ded-3c58-4fa1-8d6d-d5227733541b,GDP-22MAR31-T0.5,733,2022-04-28T12:23:28.375905Z,62,38,yes
232,0366fc4b-b378-4d74-9388-a725c3af93d2,GDP-22MAR31-T0.5,727,2022-04-28T12:23:28.375905Z,61,39,yes
233,b80a0f62-8b69-4126-93ce-3e61d8b933d1,GDP-22MAR31-T0.5,747,2022-04-28T12:14:52.92511Z,59,41,yes
234,66dbf475-dce2-48e0-939a-40bc8be239fb,GDP-22MAR31-T0.5,12,2022-04-28T12:14:52.92511Z,58,42,yes
235,b76888e7-922e-4549-8963-dfc5b09eec45,GDP-22MAR31-T0.5,100,2022-04-28T12:00:49.880205Z,75,25,no
236,f7a7ad37-7d2a-44b7-bfe5-79c35bf55c58,GDP-22MAR31-T0.5,1012,2022-04-28T02:09:01.57308Z,80,20,no
237,517c0780-6834-4fa0-aad9-341882dbec86,GDP-22MAR31-T0.5,897,2022-04-28T02:09:01.57308Z,82,18,no
238,07bd4867-0b01-45be-be00-39f1bcd0db6d,GDP-22MAR31-T0.5,1082,2022-04-28T02:09:01.57308Z,81,19,no
239,b79f62a6-17f4-43a6-867f-380faf106cf9,GDP-22MAR31-T0.5,100,2022-04-28T00:55:21.517829Z,82,18,no
240,41aba9b1-bbc4-488e-ac6f-96ae767b09d8,GDP-22MAR31-T0.5,50,2022-04-27T23:28:31.225219Z,82,18,no
241,366e6c50-1d14-4e98-9706-c74acdb920e7,GDP-22MAR31-T0.5,615,2022-04-27T22:43:47.392151Z,84,16,no
242,105be814-e013-4bda-93a6-3f70001b0ed1,GDP-22MAR31-T0.5,1225,2022-04-27T22:43:47.392151Z,83,17,no
243,b99a6383-74e8-45c2-8257-f18cfa32842a,GDP-22MAR31-T0.5,500,2022-04-27T22:04:35.593044Z,84,16,no
244,f8395f48-0724-449f-82cb-ff00a086557a,GDP-22MAR31-T0.5,1313,2022-04-27T17:42:16.495685Z,85,15,no
245,17acee78-d46a-498c-bf2d-6576d4972779,GDP-22MAR31-T0.5,1365,2022-04-27T17:42:16.495685Z,86,14,no
246,a81a34a6-f71d-4e74-8529-6d490f3ad533,GDP-22MAR31-T0.5,1465,2022-04-27T16:43:24.223209Z,87,13,no
247,96964968-8055-42e8-9998-7fa56aa067e5,GDP-22MAR31-T0.5,1550,2022-04-27T15:45:29.234384Z,88,12,no
248,f3555372-381a-4f96-a097-4e7973c8c5ba,GDP-22MAR31-T0.5,50,2022-04-27T14:16:23.784955Z,89,11,no
249,cf03e2d0-c2c5-44e1-994a-09a0b8aa9a83,GDP-22MAR31-T0.5,935,2022-04-27T14:16:23.784955Z,90,10,no
250,1753c41b-0cb9-4d11-b8bd-50f2ff1e4159,GDP-22MAR31-T0.5,1803,2022-04-27T14:16:23.784955Z,89,11,no
251,807d3118-cd71-4577-aedd-89d690d4a6b2,GDP-22MAR31-T0.5,100,2022-04-27T13:22:16.267504Z,91,9,no
252,0b9c8377-33e5-4e86-b45f-c214bd3fc98a,GDP-22MAR31-T0.5,200,2022-04-27T13:22:16.267504Z,90,10,no
253,c91107cd-b822-4406-8548-4843d4c10321,GDP-22MAR31-T0.5,100,2022-04-27T02:04:36.529561Z,93,7,yes
254,c04a7726-3572-4c70-b31d-80406aa2fcda,GDP-22MAR31-T0.5,400,2022-04-26T16:22:37.527866Z,90,10,no
255,22936480-4229-4ab3-8a6a-4f8c4b82abce,GDP-22MAR31-T0.5,45,2022-04-26T16:22:15.437309Z,90,10,no
256,2233bbc2-8cea-4238-8e7d-d89f639be33f,GDP-22MAR31-T0.5,155,2022-04-26T16:21:53.175947Z,91,9,no
257,1e132403-9f55-453a-9a7c-b9cb349a6c52,GDP-22MAR31-T0.5,5,2022-04-26T13:01:17.004722Z,94,6,yes
258,66177df2-1994-4dc9-bf35-68fd37e4a0c7,GDP-22MAR31-T0.5,10,2022-04-25T14:32:02.006179Z,94,6,yes
259,ef99e3ec-cc40-4ecd-aceb-6a8ddd7d1178,GDP-22MAR31-T0.5,150,2022-04-25T02:54:20.421231Z,91,9,yes
260,ac47cecf-4ed0-4e07-96bc-05621c614df2,GDP-22MAR31-T0.5,100,2022-04-23T16:18:21.004623Z,91,9,yes
261,2db6d294-fb78-4ff8-890b-f6eb9c228141,GDP-22MAR31-T0.5,20,2022-04-22T16:40:19.201871Z,91,9,yes
262,65377bec-8bd1-4de3-a69e-791079bb1835,GDP-22MAR31-T0.5,175,2022-04-21T18:12:49.255806Z,91,9,yes
263,b0bc5029-b732-48a1-a724-df183ac4c008,GDP-22MAR31-T0.5,200,2022-04-20T17:25:51.828179Z,89,11,yes
264,d670cf7b-7ad8-4acc-84d3-4db8dac726ba,GDP-22MAR31-T0.5,161,2022-04-19T20:42:12.649375Z,85,15,yes
265,c99ef30f-1015-4efd-b5bb-c55ff143619a,GDP-22MAR31-T0.5,84,2022-04-19T20:42:12.649375Z,83,17,yes
266,abb7ff30-c7c7-4009-a23c-f5844bcf0226,GDP-22MAR31-T0.5,95,2022-04-19T20:42:12.649375Z,86,14,yes
267,299487dc-13b7-41ab-8b9c-73cf5e0e8baf,GDP-22MAR31-T0.5,160,2022-04-19T20:42:12.649375Z,84,16,yes
268,70970fc7-dd6e-4988-9883-50c4c079df9d,GDP-22MAR31-T0.5,33,2022-04-19T18:05:53.602893Z,82,18,yes
269,32ab87fe-f055-47e5-92f1-3495842c262e,GDP-22MAR31-T0.5,67,2022-04-19T18:05:53.602893Z,83,17,yes
270,8eb9cf7a-79fe-4d1d-81a0-563a70f5c14b,GDP-22MAR31-T0.5,79,2022-04-19T17:20:35.999595Z,82,18,yes
271,918b10f7-904d-4f1f-91ba-d93062f65be1,GDP-22MAR31-T1.0,734,2022-04-28T01:19:14.544145Z,64,36,no
272,8cb877e4-ea91-4234-8057-b73966fdcf18,GDP-22MAR31-T1.0,671,2022-04-28T01:19:14.544145Z,65,35,no
273,66ec6cce-086d-41eb-836a-2d8ad1960846,GDP-22MAR31-T1.0,50,2022-04-28T00:54:42.082072Z,65,35,no
274,a3fb547f-61e5-48e6-831f-6d26f3912662,GDP-22MAR31-T1.0,783,2022-04-27T22:44:04.412879Z,66,34,no
275,01ed9d28-b0d7-4b63-ab81-8332e8589788,GDP-22MAR31-T1.0,324,2022-04-27T22:44:04.412879Z,67,33,no
276,3df3d00f-1f1a-4f1c-a2c2-77d8225bdee9,GDP-22MAR31-T1.0,306,2022-04-27T22:37:42.730573Z,67,33,no
277,6318cd87-4bb6-4b7d-8398-f58d8d0c71ae,GDP-22MAR31-T1.0,10,2022-04-27T21:34:37.84394Z,71,29,yes
278,32672edb-e411-40b5-9c4f-9494da4b3b5d,GDP-22MAR31-T1.0,91,2022-04-27T20:35:14.125504Z,67,33,no
279,255e7c9f-de09-4a3a-a83c-25dba19a163f,GDP-22MAR31-T1.0,811,2022-04-27T19:07:59.984427Z,69,31,no
280,10a349fc-2321-4f8b-9077-de706126ee6e,GDP-22MAR31-T1.0,779,2022-04-27T19:07:59.984427Z,68,32,no
281,2c1152c9-252d-411d-901e-44668e25e34d,GDP-22MAR31-T1.0,50,2022-04-27T17:54:04.690363Z,73,27,yes
282,cd94fd07-be65-4dbd-a757-f0d8bc39f56e,GDP-22MAR31-T1.0,831,2022-04-27T16:38:00.615962Z,71,29,no
283,c3826815-9c7e-4d3b-aed1-26421d41c190,GDP-22MAR31-T1.0,813,2022-04-27T16:38:00.615962Z,70,30,no
284,2274142a-6e26-4301-92f7-33045e9ede37,GDP-22MAR31-T1.0,850,2022-04-27T16:38:00.615962Z,72,28,no
285,a7e1248a-2f7e-4fee-ba36-e126d18dc2f8,GDP-22MAR31-T1.0,6,2022-04-27T15:02:51.855822Z,75,25,yes
286,52c838d6-401f-42d1-9d93-31b141472cc4,GDP-22MAR31-T1.0,699,2022-04-27T14:16:45.503526Z,73,27,no
287,ed0767cd-4808-49ba-87ce-0a792af68ddb,GDP-22MAR31-T1.0,50,2022-04-26T23:37:45.269735Z,74,26,no
288,daefab86-4507-4359-b284-660673743254,GDP-22MAR31-T1.0,50,2022-04-26T23:37:45.269735Z,74,26,no
289,820a6c0c-a303-4e3e-aa9c-b1241eba5b40,GDP-22MAR31-T1.0,50,2022-04-26T23:37:45.269735Z,73,27,no
290,9a37e521-2a9e-4bac-9776-f5cca33d6988,GDP-22MAR31-T1.0,300,2022-04-26T14:32:44.545752Z,77,23,yes
291,5ee896b0-d16b-4091-8663-1e1fa90880f1,GDP-22MAR31-T1.0,25,2022-04-26T03:01:50.283617Z,77,23,yes
292,21537110-ed36-436f-adc7-05a34fdce465,GDP-22MAR31-T1.0,3,2022-04-26T02:01:04.976683Z,77,23,yes
293,520e6050-af67-44ef-81d8-9ee95e0c40ad,GDP-22MAR31-T1.0,261,2022-04-25T22:48:44.934292Z,76,24,yes
294,5faf9773-5e0c-4fe8-acbc-1077cacb3983,GDP-22MAR31-T1.0,5,2022-04-25T14:32:17.155422Z,76,24,yes
295,16b4594b-a93d-49ac-956b-1372a3ad9823,GDP-22MAR31-T1.0,200,2022-04-25T12:18:26.30653Z,67,33,no
296,9981766c-07bd-426c-b7e2-09141dc2103e,GDP-22MAR31-T1.0,30,2022-04-25T02:54:42.727379Z,71,29,yes
297,231db516-d5b1-4534-881c-dffb5ccb796d,GDP-22MAR31-T1.0,140,2022-04-24T18:07:34.689154Z,71,29,yes
298,a499fd98-6536-4c20-9cb1-145fb8c6913e,GDP-22MAR31-T1.0,50,2022-04-23T16:17:12.520133Z,71,29,yes
299,2d050bd8-1454-4d3d-93fd-1d560d8ecc47,GDP-22MAR31-T1.0,91,2022-04-22T16:59:24.175683Z,70,30,yes
300,2523b0c6-176f-4546-b754-e73bddd15a29,GDP-22MAR31-T1.0,10,2022-04-22T16:40:07.847104Z,70,30,yes
301,21072093-d5f3-4f28-bf5f-f89dcca63fc2,GDP-22MAR31-T1.0,200,2022-04-21T19:38:40.194037Z,70,30,yes
302,8e87c38e-a442-4fe7-b270-b75c093286f8,GDP-22MAR31-T1.0,163,2022-04-21T18:11:24.924853Z,69,31,yes
303,fc559350-c651-442a-8d84-aa59c748b97c,GDP-22MAR31-T1.0,15,2022-04-20T20:44:25.382855Z,67,33,yes
304,de1e2af0-860a-45a1-a1ff-3a6698fcb0cf,GDP-22MAR31-T1.0,44,2022-04-20T15:24:06.045936Z,68,32,yes
305,2b4745a6-3e2f-4a81-ba9c-f7af77825dfb,GDP-22MAR31-T1.0,2,2022-04-20T15:24:06.045936Z,67,33,yes
306,dee5793f-e1bd-409e-91a0-3562cace652f,GDP-22MAR31-T1.0,4,2022-04-19T23:23:59.71724Z,62,38,yes
307,9dcfe002-ab42-4699-8cef-ea1ff10b8f13,GDP-22MAR31-T1.0,46,2022-04-19T23:23:59.71724Z,63,37,yes
308,9f6997b9-4397-4094-b4ee-6a627a535708,GDP-22MAR31-T1.0,17,2022-04-19T18:15:35.746987Z,62,38,yes
309,3fab0b7f-5118-4cde-987d-b91507c9bf5b,GDP-22MAR31-T1.0,83,2022-04-19T18:15:35.746987Z,63,37,yes
310,4b757499-5e96-4e14-9bb4-ec46b4bf11ba,GDP-22MAR31-T1.0,32,2022-04-19T17:42:05.900109Z,62,38,yes
311,ed093f70-0f7a-4a2b-800b-6c7aa45e8fed,GDP-22MAR31-T1.5,100,2022-04-28T12:17:23.044996Z,13,87,no
312,9871b682-a441-47a3-96d6-0fccc769a8f6,GDP-22MAR31-T1.5,2,2022-04-28T12:00:40.079558Z,18,82,no
313,83ed5c19-7ab3-4bd2-a345-cc9137db9a8c,GDP-22MAR31-T1.5,2,2022-04-28T12:00:40.079558Z,16,84,no
314,6dca8ab7-b969-4625-a8ae-d2ea51f02bf3,GDP-22MAR31-T1.5,10,2022-04-28T12:00:40.079558Z,17,83,no
315,68e8979c-4a6d-4302-a5bf-80b612d9251a,GDP-22MAR31-T1.5,8,2022-04-28T12:00:40.079558Z,18,82,no
316,558b9a40-dfb2-4335-9e63-6e608c0aa53e,GDP-22MAR31-T1.5,26,2022-04-28T12:00:40.079558Z,16,84,no
317,4847f867-25a0-4470-b89a-9e1b7c1dd2c5,GDP-22MAR31-T1.5,2,2022-04-28T12:00:40.079558Z,18,82,no
318,3b7ba14f-149d-48e1-9c0d-e91285fcaf10,GDP-22MAR31-T1.5,2,2022-04-28T12:00:40.079558Z,17,83,no
319,1b1e6006-a443-420d-a446-72cd715b20ea,GDP-22MAR31-T1.5,10,2022-04-28T12:00:40.079558Z,18,82,no
320,025d2ade-0d35-453a-aa11-348830e01206,GDP-22MAR31-T1.5,765,2022-04-28T02:09:57.313986Z,34,66,no
321,ecb63e53-f3f1-4ac6-ae15-3cf6b69ad12f,GDP-22MAR31-T1.5,745,2022-04-27T22:44:15.07109Z,35,65,no
322,8cc3f971-87ef-440c-bcbf-1eb9fcd40bf3,GDP-22MAR31-T1.5,371,2022-04-27T22:44:15.07109Z,36,64,no
323,907c9672-8368-4de7-bde5-6dd9ead36630,GDP-22MAR31-T1.5,400,2022-04-27T22:43:16.960216Z,36,64,no
324,f18e336b-9f44-4922-b4c9-4b4a04fa1567,GDP-22MAR31-T1.5,3,2022-04-27T21:34:12.474529Z,39,61,yes
325,6a94a0bc-c9e3-4481-9651-ccbc8043bd0a,GDP-22MAR31-T1.5,17,2022-04-27T21:34:12.474529Z,40,60,yes
326,e2272ee5-7d43-4574-9639-cc815d10899d,GDP-22MAR31-T1.5,566,2022-04-27T21:05:00.595844Z,37,63,no
327,cef3b907-e957-48e9-a139-f7436820da88,GDP-22MAR31-T1.5,162,2022-04-27T18:59:56.510115Z,38,62,no
328,9c453bcd-b939-4219-ba4c-88024bd6ddc1,GDP-22MAR31-T1.5,188,2022-04-27T18:59:56.510115Z,37,63,no
329,600a81a9-7e87-42e4-b29e-e11c54c17625,GDP-22MAR31-T1.5,10,2022-04-26T21:08:13.411381Z,38,62,no
330,0e567023-4cd2-42ce-b473-b30fbc830a75,GDP-22MAR31-T1.5,10,2022-04-26T19:54:48.533499Z,42,58,yes
331,1f133ceb-844e-4c01-9bc3-9b05e293bdda,GDP-22MAR31-T1.5,13,2022-04-26T19:13:09.193936Z,42,58,yes
332,630b62a0-0d83-4929-8517-90797c954e1a,GDP-22MAR31-T1.5,150,2022-04-26T16:26:42.75445Z,38,62,no
333,ded0f119-3f45-4998-9ca9-8fee4d95aa4b,GDP-22MAR31-T1.5,140,2022-04-21T18:11:39.130931Z,39,61,yes
334,055e625f-8d5d-45b4-840d-cfea748d1cef,GDP-22MAR31-T1.5,26,2022-04-20T20:26:42.363859Z,37,63,yes
335,fb6eff1e-1c11-4ae8-b3c8-866562d83ec3,GDP-22MAR31-T1.5,15,2022-04-20T15:34:41.484238Z,35,65,yes
336,31379005-f7c3-405e-beb2-74a6d629887d,GDP-22MAR31-T1.5,50,2022-04-20T03:36:40.617424Z,33,67,no
337,ec0fca8c-d932-4b27-99d1-e08d6af35258,GDP-22MAR31-T1.5,47,2022-04-19T18:16:03.393973Z,37,63,yes
338,86a0928d-d10a-4f33-82ae-de7649ddfff3,GDP-22MAR31-T1.5,95,2022-04-19T18:16:03.393973Z,36,64,yes
339,67504ed7-edb7-4399-a4c5-f8d8c50cb536,GDP-22MAR31-T1.5,58,2022-04-19T18:16:03.393973Z,35,65,yes
340,d5172170-7957-4a6e-a49c-f1339e83d758,GDP-22MAR31-T2.5,250,2022-04-28T12:01:41.562052Z,4,96,no
341,13b05959-10cb-4960-9afb-e9b9fb355918,GDP-22MAR31-T2.5,675,2022-04-28T12:01:41.562052Z,4,96,no
342,7730e239-7099-4ead-ba5e-403bfcc4430e,GDP-22MAR31-T2.5,46,2022-04-28T03:54:11.468088Z,4,96,no
343,8e7ce6e0-1277-4052-935f-7993ce87bce1,GDP-22MAR31-T2.5,371,2022-04-28T00:18:54.727981Z,4,96,no
344,6efd6dfe-601c-4349-854f-978ae2f1419b,GDP-22MAR31-T2.5,29,2022-04-28T00:18:54.727981Z,4,96,no
345,882a3012-862c-41c9-8dfd-d257068bb369,GDP-22MAR31-T2.5,242,2022-04-27T22:38:23.664164Z,4,96,no
346,7b78d4cf-e6d4-429b-936d-9f464dc37907,GDP-22MAR31-T2.5,207,2022-04-27T22:06:27.649674Z,4,96,no
347,62ae31b3-c9a6-451a-98cd-efd93062b54c,GDP-22MAR31-T2.5,798,2022-04-27T20:24:13.422894Z,5,95,no
348,e1608eba-9eff-459c-802e-1704ad2d2759,GDP-22MAR31-T2.5,3,2022-04-27T02:32:21.744025Z,4,96,no
349,4b0e75bb-b05f-4c73-8467-6876ad324312,GDP-22MAR31-T2.5,5,2022-04-26T13:02:11.645125Z,4,96,no
350,62c35199-0faa-44ed-b7e3-de44ea7cdbc4,GDP-22MAR31-T2.5,2,2022-04-26T01:12:02.15831Z,4,96,no
351,a38548b5-8840-48a4-b836-54a48307aaf1,GDP-22MAR31-T2.5,5,2022-04-25T19:28:24.80097Z,6,94,yes
352,a81384d2-d3cf-449c-9e80-9a67e009e993,GDP-22MAR31-T2.5,300,2022-04-25T14:16:05.749728Z,6,94,yes
353,4c64704c-1ebe-4f8e-849a-1fb8933623fb,GDP-22MAR31-T2.5,150,2022-04-21T18:12:15.899722Z,7,93,no
354,afe8d4a4-1b84-4e8e-9bab-dd9a869018ea,GDP-22MAR31-T2.5,50,2022-04-19T13:03:57.591532Z,13,87,yes
355,4875a67b-1818-4dae-ab77-41210c13c81b,GDP-22MAR31-T2.5,10,2022-04-19T13:03:22.758831Z,12,88,yes
356,082eda68-6a27-47d5-a4c4-b1e312da2d14,GDP-22MAR31-T2.5,15,2022-04-18T22:55:32.548016Z,13,87,yes
357,7ffbb018-77b5-4161-85f3-3b03ffc07d2c,GDP-22MAR31-T2.5,50,2022-04-18T22:55:24.030062Z,12,88,yes
358,a132f670-e8a9-407d-9ee4-526fd180b8f2,GDP-22MAR31-T2.5,35,2022-04-18T22:55:10.065209Z,11,89,yes
359,ded2133c-d682-4422-8601-47b7ab8b4a3d,GDP-22MAR31-T2.5,15,2022-04-18T20:16:19.919382Z,11,89,yes
360,f47b8908-d890-4599-a7ae-070e28e82865,GDP-22MAR31-T2.5,64,2022-04-17T22:48:55.629573Z,9,91,no
361,4bb6ffc4-85fe-4cdf-a515-1bda1db21019,GDP-22MAR31-T2.5,86,2022-04-17T22:48:55.629573Z,8,92,no
362,7eb579cc-9e90-4756-9ebb-5182c311c229,GDP-22MAR31-T2.5,2,2022-04-17T20:37:32.206305Z,9,91,no
363,1e1d66bb-3598-4e3b-aa54-69e404d1e3de,GDP-22MAR31-T2.5,50,2022-04-17T17:08:01.749651Z,11,89,yes
364,2b2690d5-bf5f-47ec-a0d0-8b8115cbafe7,GDP-22MAR31-T2.5,20,2022-04-14T19:15:07.317505Z,9,91,no
365,285b49e5-d268-4fe8-9268-426968f299dd,GDP-22MAR31-T2.5,100,2022-04-14T14:37:55.644234Z,9,91,no
366,b47ff2d4-9138-4b3b-a9af-954b8fa981de,GDP-22MAR31-T2.5,214,2022-04-13T23:40:11.501022Z,10,90,no
367,c14d2a32-b319-45b9-ac16-1420d11eea18,GDP-22MAR31-T2.5,187,2022-04-13T21:51:33.567114Z,11,89,no
368,5a1adaba-74b2-4de3-8219-57dec6e1f107,GDP-22MAR31-T2.5,200,2022-04-13T21:51:26.128924Z,12,88,no
369,2e22ac82-9de3-4a05-9111-8e4d3172808e,GDP-22MAR31-T2.5,25,2022-04-13T17:46:22.920355Z,16,84,yes
370,f1164486-2fe8-4c1b-b3fa-9022619381ae,GDP-22MAR31-T2.5,20,2022-04-13T13:21:06.213154Z,15,85,yes
371,2b896b0f-cebb-4876-98d4-1eb2cfe29cca,GDP-22MAR31-T2.5,27,2022-04-13T13:21:06.213154Z,14,86,yes
372,06d457c5-8c04-46e2-85c8-f45bb1ecdd27,GDP-22MAR31-T2.5,178,2022-04-13T13:21:06.213154Z,15,85,yes
373,7ec2ff45-8fe3-4e1e-810a-d9b36bda1da4,GDP-22MAR31-T2.5,152,2022-04-13T02:14:26.909724Z,14,86,yes
374,40e1ff05-2e75-4b61-a35a-7c3fd2268100,GDP-22MAR31-T2.5,190,2022-04-13T02:14:14.405952Z,13,87,yes
375,607e262a-9ab0-4d43-9e38-d8655967abef,GDP-22MAR31-T2.5,212,2022-04-13T02:14:03.805654Z,12,88,yes
376,4a7ad2dc-2643-4a2e-a812-942b74864dd9,GDP-22MAR31-T2.5,101,2022-04-13T02:13:50.197781Z,11,89,yes
377,5e696cf2-011e-4702-beb8-4719c49eaaf8,GDP-22MAR31-T2.5,40,2022-04-13T01:37:59.420341Z,10,90,no
378,0a9d5ca0-3eb4-4c2b-ad06-9cb1f95bac69,GDP-22MAR31-T2.5,27,2022-04-07T20:15:40.189438Z,10,90,yes
379,63ce3f90-22db-412b-bf30-a7decd42d60b,GDP-22MAR31-T2.5,20,2022-04-07T17:34:42.608347Z,10,90,yes
380,2f99d169-1d08-4795-bdeb-60ca1fdf051d,GDP-22MAR31-T2.5,28,2022-04-06T18:41:56.518785Z,10,90,yes
381,e934c53c-01e2-480a-8d08-a7351bc24632,GDP-22MAR31-T2.5,100,2022-04-05T14:56:58.649852Z,10,90,yes
382,b8269c44-4927-4e89-8d7a-6f17980665c9,GDP-22MAR31-T2.5,75,2022-04-05T14:56:58.649852Z,11,89,yes
383,bbd46347-500a-490b-96df-ca00120cb6db,GDP-22MAR31-T2.5,50,2022-04-05T03:13:05.023784Z,11,89,yes
384,244bcd7b-ccd5-4492-9d8f-5e3f35d7e172,GDP-22MAR31-T2.5,60,2022-04-04T17:57:53.605569Z,8,92,no
385,95ae83e7-28ac-4931-877b-57d2e5058025,GDP-22MAR31-T2.5,50,2022-04-04T02:33:33.711658Z,10,90,no
386,ab4eb4db-5bb7-42ac-8c20-4a11f77ca41d,GDP-22MAR31-T2.5,26,2022-04-02T15:41:19.353311Z,10,90,no
387,6bf761fa-4e55-4342-ab96-96b6896b802b,GDP-22MAR31-T2.5,4,2022-04-02T15:41:19.353311Z,10,90,no
388,3288f259-1260-468e-9fe4-65e1352b2c34,GDP-22MAR31-T2.5,194,2022-04-01T22:29:04.357342Z,11,89,no
389,26630710-85aa-4282-bc2e-87b4d49b3e2f,GDP-22MAR31-T2.5,6,2022-04-01T22:29:04.357342Z,11,89,no
390,574edc05-8b69-44be-894b-4fff88883483,GDP-22MAR31-T2.5,1,2022-03-31T17:34:10.207814Z,15,85,yes
391,068cd278-6009-4454-8f0f-479a33228f0e,GDP-22MAR31-T2.5,172,2022-03-30T23:34:16.050547Z,12,88,no
392,003cde58-2382-4c00-8211-af1fc69efbd9,GDP-22MAR31-T2.5,171,2022-03-30T23:34:16.050547Z,13,87,no
393,f0d8a0fc-1e31-41bb-affe-a887e11e7ee1,GDP-22MAR31-T2.5,10,2022-03-30T22:10:06.294664Z,13,87,no
394,d7215a1a-df45-46dd-bb49-0cc13130cdff,GDP-22MAR31-T2.5,156,2022-03-28T21:06:23.229595Z,14,86,no
395,49cccc6c-76b0-4a3a-b387-aa8abed31376,GDP-22MAR31-T2.5,1,2022-03-28T21:06:23.229595Z,14,86,no
396,a26ac3c7-a308-4ae3-a6c1-70f860bbd19a,GDP-22MAR31-T2.5,151,2022-03-28T21:06:12.197405Z,15,85,no
397,c5c87e67-67d9-4252-aa9a-c86667bf3228,GDP-22MAR31-T2.5,143,2022-03-28T21:05:57.080765Z,16,84,no
398,65c154bc-a59e-4882-8d4c-31d6bf3bd1c0,GDP-22MAR31-T2.5,146,2022-03-28T21:05:46.106662Z,17,83,no
399,b0208ea4-7fb5-4d0f-b750-f1fefa2874df,GDP-22MAR31-T2.5,121,2022-03-28T19:55:56.551244Z,19,81,no
400,5529e326-54f8-4088-a9e7-36c28dd33618,GDP-22MAR31-T2.5,11,2022-03-28T19:55:56.551244Z,18,82,no
401,c00f40aa-1590-4f93-8bb8-a31453f66c3e,GDP-22MAR31-T2.5,140,2022-03-28T19:55:26.860395Z,19,81,no
402,ff30b0b1-a002-4774-bad5-50e8c9145f3e,GDP-22MAR31-T2.5,53,2022-03-28T15:47:54.245821Z,20,80,no
403,e04c40d5-e908-4cc1-93d1-159d02d3b3ec,GDP-22MAR31-T2.5,15,2022-03-27T18:21:04.412865Z,20,80,no
404,5fb13de2-3b23-4c86-9125-de00e9a8769b,GDP-22MAR31-T2.5,97,2022-03-24T00:21:50.473323Z,23,77,yes
405,29c2ea5e-bf25-4f8c-a9fe-727e540f329d,GDP-22MAR31-T2.5,16,2022-03-24T00:21:50.473323Z,23,77,yes
406,98d84bee-cc77-420d-bdc1-ed123117972a,GDP-22MAR31-T2.5,100,2022-03-23T20:09:47.900703Z,22,78,yes
407,06105cfd-82e9-4860-9ac5-793d4e4df31b,GDP-22MAR31-T2.5,41,2022-03-23T14:10:45.313635Z,23,77,yes
408,35777c19-8106-49eb-a656-cc20b44b088a,GDP-22MAR31-T2.5,5,2022-03-22T18:29:49.467837Z,19,81,no
409,a8a7f548-e5ff-46cd-80ac-73d39932864c,GDP-22MAR31-T2.5,106,2022-03-21T23:53:26.324572Z,22,78,yes
410,3c6a04ce-284a-4576-bfaa-ec717490f680,GDP-22MAR31-T2.5,25,2022-03-21T23:53:26.324572Z,22,78,yes
411,5f0cd207-b7d6-4d47-b542-cffd48dfbd2c,GDP-22MAR31-T2.5,3,2022-03-21T23:52:39.738516Z,21,79,yes
412,a8c865ad-bee4-4306-822f-13486fba5b78,GDP-22MAR31-T2.5,3,2022-03-21T21:54:37.321744Z,18,82,no
413,631ed3ba-1a83-4d85-a4b4-515224e81a51,GDP-22MAR31-T2.5,1,2022-03-21T21:54:37.321744Z,18,82,no
414,0d1a3520-4b93-4c5e-a37a-3ff48e25fc25,GDP-22MAR31-T2.5,1,2022-03-21T21:54:37.321744Z,19,81,no
415,79908e6e-b7fd-46f8-bb5c-1327f4aab9d1,GDP-22MAR31-T2.5,75,2022-03-21T01:25:09.112602Z,21,79,yes
416,10c0c547-b622-4201-9656-1ac15fc93db2,GDP-22MAR31-T2.5,1,2022-03-17T17:13:09.471959Z,20,80,no
417,0d094193-7553-4afc-95fe-5532afdf86d6,GDP-22MAR31-T2.5,6,2022-03-17T14:47:22.637013Z,21,79,yes
418,e55ad15a-5d5b-4dea-aece-37cc0323627c,GDP-22MAR31-T2.5,48,2022-03-17T12:00:25.312562Z,22,78,no
419,ca11c4ba-d962-4ee3-b049-ec3de47fc7af,GDP-22MAR31-T2.5,1,2022-03-17T12:00:25.312562Z,21,79,no
420,ef5087d0-5159-4335-8ec1-29b5b5d5ecbf,GDP-22MAR31-T2.5,98,2022-03-17T01:18:31.593381Z,24,76,yes
421,e8fa2173-f8a6-43ee-bf31-68acb42da9a6,GDP-22MAR31-T2.5,37,2022-03-17T01:18:31.593381Z,25,75,yes
422,d762df4d-638b-4c0b-87a4-8375188ca2dc,GDP-22MAR31-T2.5,1,2022-03-17T01:18:31.593381Z,23,77,yes
423,9726ea9c-78e8-456f-a4e6-5ac147ccd974,GDP-22MAR31-T2.5,1,2022-03-17T01:18:31.593381Z,24,76,yes
424,87fe9d35-0980-47d1-8f29-e0b20f0de033,GDP-22MAR31-T2.5,1,2022-03-17T01:18:31.593381Z,22,78,yes
425,7054a260-bb38-495d-abec-fce642705196,GDP-22MAR31-T2.5,60,2022-03-17T01:18:31.593381Z,23,77,yes
426,14b95b77-7a67-4a49-ad07-63cc67195413,GDP-22MAR31-T2.5,16,2022-03-16T23:05:48.82798Z,15,85,no
427,d4400df5-c34d-47f4-a282-00b285702b57,GDP-22MAR31-T2.5,45,2022-03-16T23:05:39.725862Z,17,83,no
428,7f4b83d0-79c9-4656-b901-8507a1786d4a,GDP-22MAR31-T2.5,39,2022-03-16T23:05:36.836306Z,18,82,no
429,8414da10-f000-4e2f-9f51-63af83ceeece,GDP-22MAR31-T2.5,5,2022-03-16T23:05:33.914149Z,19,81,no
430,7499f4b5-cb86-41b0-84e5-a61140da7506,GDP-22MAR31-T2.5,35,2022-03-16T23:05:33.914149Z,19,81,no
431,f6a8dda2-9be1-41e0-be4b-1d8d61cb173e,GDP-22MAR31-T2.5,4,2022-03-16T23:05:30.520133Z,20,80,no
432,a7f357ce-bc0a-4e33-b2e4-b8654f5c8099,GDP-22MAR31-T2.5,92,2022-03-16T23:05:30.520133Z,20,80,no
433,c3262211-4432-42ef-8a58-cecdf82b020b,GDP-22MAR31-T2.5,6,2022-03-16T23:05:27.713392Z,21,79,no
434,475275a4-5800-4c64-a343-d558f069831f,GDP-22MAR31-T2.5,91,2022-03-16T23:05:27.713392Z,21,79,no
435,3a35bf43-2084-4c75-9e2b-aee00ea8976c,GDP-22MAR31-T2.5,7,2022-03-16T23:05:21.285591Z,22,78,no
436,1ddf5e7c-c4c6-4509-8fe2-3cbd7e785921,GDP-22MAR31-T2.5,89,2022-03-16T23:05:21.285591Z,22,78,no
437,ded2635c-814d-4ac4-80f1-15e573f4de04,GDP-22MAR31-T2.5,86,2022-03-16T23:05:18.155355Z,23,77,no
438,20e82551-efcb-4afb-86fa-b07310abe5c5,GDP-22MAR31-T2.5,5,2022-03-16T23:05:18.155355Z,23,77,no
439,581c279f-66ae-447f-94f3-c9090d02c51e,GDP-22MAR31-T2.5,90,2022-03-16T23:05:15.416871Z,24,76,no
440,68acfda1-5bff-4559-ab73-a5d59c130ffb,GDP-22MAR31-T2.5,45,2022-03-16T23:05:10.579938Z,25,75,no
441,e37f7923-e617-40d9-bd74-eb975165bbc2,GDP-22MAR31-T2.5,82,2022-03-16T19:13:54.875968Z,26,74,no
442,d41fc9ce-d057-4a89-ad5f-95573a88b73e,GDP-22MAR31-T2.5,85,2022-03-16T19:13:54.875968Z,28,72,no
443,8ee5cee7-2e81-4d13-bb17-735a32b101b8,GDP-22MAR31-T2.5,79,2022-03-16T19:13:54.875968Z,27,73,no
444,62949734-514a-4d36-9f25-a9e82bdfed3c,GDP-22MAR31-T2.5,31,2022-03-16T19:13:54.875968Z,29,71,no
445,3c6bf055-6df7-46ac-9d6c-b0ceb01bd03a,GDP-22MAR31-T2.5,83,2022-03-16T19:13:54.875968Z,25,75,no
446,d012d1af-96ce-4a1a-9d35-d0730f4b3b2c,GDP-22MAR31-T2.5,5,2022-03-16T18:46:59.111674Z,33,67,yes
447,29b0dcd4-188b-4752-9434-7ecff2ad075d,GDP-22MAR31-T2.5,82,2022-03-16T18:40:39.432018Z,32,68,yes
448,4110ff59-7d83-4e23-a365-8e1c540c78e8,GDP-22MAR31-T2.5,83,2022-03-16T18:40:31.782455Z,31,69,yes
449,9e95dae6-a524-41de-a646-bd41584b4735,GDP-22MAR31-T2.5,85,2022-03-16T18:40:27.322156Z,30,70,yes
450,dae0602a-2c41-45a2-86e1-8def8f6aad85,GDP-22MAR31-T2.5,87,2022-03-16T18:40:21.759044Z,29,71,yes
451,71e0697d-2f4d-4df9-b23c-c15bd1e57654,GDP-22MAR31-T2.5,76,2022-03-16T18:40:12.475594Z,28,72,yes
452,067b7a47-1b13-497a-83f1-625ef94553f8,GDP-22MAR31-T2.5,29,2022-03-16T18:06:33.841776Z,27,73,yes
453,fa837c66-897d-459d-a192-44c26b2e68e7,GDP-22MAR31-T2.5,24,2022-03-16T18:06:33.807345Z,26,74,yes
454,e7dc161b-6f7f-469b-a4d7-a1f6d1fa6030,GDP-22MAR31-T2.5,1,2022-03-16T18:06:33.777541Z,24,76,yes
455,b1690b8d-f15c-4229-b96c-b5275bb2ee09,GDP-22MAR31-T2.5,22,2022-03-16T18:06:33.777541Z,25,75,yes
456,974767b6-a1c5-46db-a373-a651bc90573e,GDP-22MAR31-T2.5,1,2022-03-16T18:06:33.777541Z,25,75,yes
457,79edc6e9-c72e-42de-85d2-761edf766d39,GDP-22MAR31-T2.5,5,2022-03-16T18:06:33.777541Z,22,78,yes
458,5521bbdd-26f5-45b9-a2a4-6c6f169cbee0,GDP-22MAR31-T2.5,1,2022-03-16T18:06:33.777541Z,23,77,yes
459,1cb54869-ec6c-46dd-9f35-2d7637bca175,GDP-22MAR31-T2.5,15,2022-03-16T18:06:33.777541Z,24,76,yes
460,adee6809-955b-4b6a-a685-a17a813a2c5f,GDP-22MAR31-T2.5,85,2022-03-16T18:06:33.710266Z,22,78,yes
461,8a59a442-84a8-4de9-abba-e1d8e51d4c39,GDP-22MAR31-T2.5,1,2022-03-16T18:06:33.67972Z,21,79,yes
462,5fe7d625-5e96-401a-8d6b-5b0e0b900fbc,GDP-22MAR31-T2.5,1,2022-03-16T18:06:33.67972Z,22,78,yes
463,59e06a5c-376a-45e2-8401-48148d68ab7e,GDP-22MAR31-T2.5,85,2022-03-16T18:06:33.67972Z,22,78,yes
464,710000f5-03ca-4fd9-a068-2c1ab5a59d75,GDP-22MAR31-T2.5,105,2022-03-14T16:09:34.194163Z,22,78,yes
465,3acbc526-3625-49e4-8047-a82d47825332,GDP-22MAR31-T2.5,9,2022-03-14T16:09:34.194163Z,22,78,yes
466,66752795-c21b-46b8-bcde-c5ca06770896,GDP-22MAR31-T2.5,59,2022-03-14T16:09:29.042989Z,21,79,yes
467,6570a00c-2bec-47c6-b0ba-86180ada00e1,GDP-22MAR31-T2.5,59,2022-03-14T16:09:29.042989Z,21,79,yes
468,b49f8c46-c748-4706-9648-16b38cf7749d,GDP-22MAR31-T2.5,16,2022-03-13T18:07:17.467818Z,21,79,yes
469,9751d3cc-cd60-440e-9b15-9d48f906dc45,GDP-22MAR31-T2.5,25,2022-03-13T18:07:17.467818Z,21,79,yes
470,16c4ca18-4b80-485e-bceb-367b903c1e5e,GDP-22MAR31-T2.5,14,2022-03-13T18:07:17.467818Z,21,79,yes
471,9087c31e-676c-4563-8eaf-a55b417fe321,GDP-22MAR31-T2.5,45,2022-03-13T17:30:38.473272Z,21,79,yes
472,20216cfe-d9c9-4d83-9d2c-6e6260ebfc52,GDP-22MAR31-T2.5,29,2022-03-13T15:14:40.944141Z,21,79,yes
473,4fb9be72-bc7d-49d0-8e05-6000bec950ef,GDP-22MAR31-T2.5,33,2022-03-13T14:52:47.874699Z,20,80,no
474,db1d83a0-36b1-4f24-ada3-abf6cdf395b8,GDP-22MAR31-T2.5,1,2022-03-13T13:43:17.805878Z,21,79,yes
475,186daad1-7c70-427f-b325-5376105ce6ab,GDP-22MAR31-T2.5,16,2022-03-13T13:43:17.805878Z,22,78,yes
476,0eb9837a-827e-47fc-bdb2-88ba5833f177,GDP-22MAR31-T2.5,105,2022-03-13T13:38:10.281443Z,21,79,yes
477,df76b7e5-eddb-49b8-9e6c-3cb88bf687a3,GDP-22MAR31-T2.5,27,2022-03-13T13:29:51.880227Z,20,80,yes
478,cb65c13b-4748-4815-8b22-1bc90b595be2,GDP-22MAR31-T2.5,27,2022-03-13T13:27:00.184658Z,20,80,yes
479,044a7d10-19df-4c84-b676-52ff4c3078db,GDP-22MAR31-T2.5,33,2022-03-13T13:23:37.794654Z,20,80,yes
480,e76bc704-9b51-46c1-874b-e2405c29346e,GDP-22MAR31-T2.5,24,2022-03-13T13:17:49.978534Z,20,80,yes
481,8d631638-e705-44f1-9b85-6c6c3239d498,GDP-22MAR31-T2.5,14,2022-03-13T13:17:49.978534Z,19,81,yes
482,f4af5c65-9c66-4552-9e30-b48d293d8e20,GDP-22MAR31-T2.5,61,2022-03-13T13:09:33.77193Z,19,81,yes
483,9a93e4ce-9028-4607-87a3-19a8cac559a4,GDP-22MAR31-T2.5,15,2022-03-13T13:09:33.77193Z,19,81,yes
484,5db81510-10a9-4231-968d-8d08a10c45fe,GDP-22MAR31-T2.5,15,2022-03-13T13:09:33.77193Z,19,81,yes
485,5eeb45fc-d924-438d-853c-79a98258e991,GDP-22MAR31-T2.5,69,2022-03-13T13:01:42.080543Z,19,81,yes
486,4bbde0fa-4d91-4594-a064-49ae95096964,GDP-22MAR31-T2.5,5,2022-03-10T18:41:59.66152Z,16,84,no
487,34dac8c1-a036-4452-aa08-93806b0590fa,GDP-22MAR31-T2.5,64,2022-03-10T18:41:49.558765Z,16,84,no
488,ddcd6ea4-d517-4ff5-803f-f3d5a1dafa62,GDP-22MAR31-T2.5,67,2022-03-10T16:36:10.813073Z,18,82,yes
489,06b787f9-a7fc-4178-b7aa-31d772e6f2ac,GDP-22MAR31-T2.5,101,2022-03-10T16:36:10.813073Z,19,81,yes
490,f3fbf62f-7073-4ec5-88f9-7c3f72defc4c,GDP-22MAR31-T2.5,53,2022-03-10T16:28:27.343742Z,17,83,yes
491,6d50afc1-138e-4f8c-b599-efef03745810,GDP-22MAR31-T2.5,52,2022-03-10T16:28:27.343742Z,18,82,yes
492,d90a2717-410e-4007-96db-08d7a263877a,GDP-22MAR31-T2.5,16,2022-03-10T16:20:27.464326Z,17,83,yes
493,92944f64-cc08-44c1-809e-b42cd46d7487,GDP-22MAR31-T2.5,72,2022-03-10T16:20:27.464326Z,17,83,yes
494,69b93364-2d94-448d-810d-a3f739ed52ca,GDP-22MAR31-T2.5,16,2022-03-10T16:20:27.464326Z,17,83,yes
495,68b8b2b1-cb1a-4d50-87d9-e2f0edc5847e,GDP-22MAR31-T2.5,29,2022-03-10T16:20:27.464326Z,16,84,yes
496,95ae2d44-af55-4bdf-a1fc-fa5342de5df0,GDP-22MAR31-T2.5,93,2022-03-10T16:17:49.927689Z,16,84,yes
497,60002c3e-dfef-4498-a93c-1981e5b68998,GDP-22MAR31-T2.5,41,2022-03-10T14:34:07.185202Z,13,87,no
498,77f406e3-17cb-4cca-a4d1-f0d17554956f,GDP-22MAR31-T2.5,87,2022-03-10T14:33:55.338664Z,13,87,no
499,b9f6152d-59e1-4033-8b88-a1a3a9dc0647,GDP-22MAR31-T2.5,126,2022-03-10T14:33:43.626186Z,14,86,no
500,ba0d3572-35c3-4b61-958a-66c188cf9b82,GDP-22MAR31-T2.5,121,2022-03-10T14:29:54.689258Z,15,85,no
501,af8c6dca-7e5d-472e-97c7-10c237574282,GDP-22MAR31-T2.5,62,2022-03-10T14:24:46.953791Z,16,84,no
502,3ecdac5f-5671-4484-b040-be2b5fdf64d4,GDP-22MAR31-T2.5,16,2022-03-10T14:24:46.953791Z,16,84,no
503,ca96b7b7-850f-49a9-858d-662a70f42bd7,GDP-22MAR31-T2.5,58,2022-03-10T14:24:29.341993Z,16,84,no
504,3ac35c47-efa8-4592-b2c9-503afcc6d4ed,GDP-22MAR31-T2.5,77,2022-03-10T14:24:29.341993Z,17,83,no
505,2e0e572c-c89b-4bdc-bf10-96929ab2b344,GDP-22MAR31-T2.5,20,2022-03-10T14:24:29.341993Z,18,82,no
506,13bbd6f0-1049-43d2-8fc4-389b17b6cd98,GDP-22MAR31-T2.5,6,2022-03-10T01:27:31.105264Z,20,80,no
507,bc19f909-b2f2-4216-b08e-9e47e21d9004,GDP-22MAR31-T2.5,112,2022-03-10T00:05:30.598153Z,20,80,yes
508,1e444060-9fa3-4490-8820-05fffa0f8629,GDP-22MAR31-T2.5,14,2022-03-10T00:05:30.598153Z,20,80,yes
509,666e7971-ce7c-47b2-b561-bb81204d7dac,GDP-22MAR31-T2.5,45,2022-03-09T21:12:23.331991Z,19,81,yes
510,06f4d9ad-82c0-4b8b-8aee-45df98659703,GDP-22MAR31-T2.5,11,2022-03-09T21:12:23.331991Z,20,80,yes
511,aeb3bd71-4393-4572-88d8-8435e3bce9aa,GDP-22MAR31-T2.5,77,2022-03-09T19:49:49.054063Z,16,84,no
512,91cf0664-04ca-4fd5-9e93-1dc6701c0e6a,GDP-22MAR31-T2.5,75,2022-03-09T17:30:19.424565Z,20,80,yes
513,347b9a43-f814-48ef-83df-2c0c204b4769,GDP-22MAR31-T2.5,25,2022-03-09T17:30:19.424565Z,20,80,yes
514,c6fac8a0-24ae-4733-887d-30c6fb0c1259,GDP-22MAR31-T2.5,26,2022-03-09T16:19:15.417367Z,16,84,no
515,d9d0508e-aa1e-4e3e-b29e-8a8f69ee05b6,GDP-22MAR31-T2.5,46,2022-03-09T16:18:47.706789Z,17,83,no
516,92bff22c-64b6-475a-aad7-40e00972210a,GDP-22MAR31-T2.5,70,2022-03-08T23:08:51.995582Z,20,80,yes
517,b590b921-9455-4707-8f31-6eedc6d497cc,GDP-22MAR31-T2.5,14,2022-03-08T18:04:34.551152Z,20,80,yes
518,42926609-34ec-4851-91a7-a36b1fde99be,GDP-22MAR31-T2.5,14,2022-03-08T18:04:34.551152Z,20,80,yes
519,02abc7e4-8b39-48cc-80ba-279574c0af37,GDP-22MAR31-T2.5,27,2022-03-08T18:04:34.551152Z,20,80,yes
520,b814d298-43e7-45ce-8d05-ecf320c06800,GDP-22MAR31-T2.5,45,2022-03-08T17:56:08.953025Z,20,80,yes
521,761497d0-f52f-4431-91fb-0741c9216176,GDP-22MAR31-T2.5,21,2022-03-08T17:52:52.569511Z,19,81,yes
522,4dd23ee6-9796-423e-b4b4-fb279d4604c2,GDP-22MAR31-T2.5,45,2022-03-08T17:52:52.569511Z,19,81,yes
523,cc570ffd-02fa-4c33-94ea-652ad7469c35,GDP-22MAR31-T2.5,10,2022-03-08T17:47:42.122426Z,18,82,yes
524,2c37fb9a-d0aa-4e33-8de1-a1a4a4d2bf1d,GDP-22MAR31-T2.5,71,2022-03-08T17:47:42.122426Z,19,81,yes
525,d77e7d23-a2b5-401b-832d-0c5d452b397b,GDP-22MAR31-T2.5,105,2022-03-08T17:45:26.705655Z,18,82,yes
526,b01dbb55-ed83-418d-93e4-6999cf5ebfe3,GDP-22MAR31-T2.5,4,2022-03-08T17:36:56.11698Z,16,84,yes
527,6973bcf0-a217-4d36-aa87-f54b1409b332,GDP-22MAR31-T2.5,128,2022-03-08T17:36:56.11698Z,17,83,yes
528,3178dcaa-ab28-40d1-a276-7937b37a0877,GDP-22MAR31-T2.5,16,2022-03-08T17:36:56.11698Z,17,83,yes
529,38563903-3f80-47aa-8efc-c8d5bd273e83,GDP-22MAR31-T2.5,15,2022-03-08T14:18:58.416883Z,13,87,no
530,2a8442b8-d173-4ed8-b523-be2e20322d64,GDP-22MAR31-T2.5,130,2022-03-08T13:26:53.241826Z,14,86,no
531,5cacfd6d-9821-4f83-b755-8c184925d7f9,GDP-22MAR31-T2.5,115,2022-03-08T13:24:53.070261Z,15,85,no
532,df6f5d9d-984f-427d-bed7-0658f41bb4fc,GDP-22MAR31-T2.5,129,2022-03-08T13:24:18.55766Z,16,84,no
533,1a8cfdc5-6bb6-43c7-b0a9-b3c435892337,GDP-22MAR31-T2.5,59,2022-03-08T03:43:13.76739Z,17,83,no
534,7a96e021-0db6-44ab-be50-5f5a40cd3d05,GDP-22MAR31-T2.5,11,2022-03-08T02:53:02.516405Z,17,83,no
535,c061978d-d750-40de-b052-ba968165776d,GDP-22MAR31-T2.5,30,2022-03-08T02:10:21.589329Z,20,80,yes
536,08dd6f37-1341-4274-aaec-7bb6f4bc441e,GDP-22MAR31-T2.5,9,2022-03-08T02:10:21.589329Z,20,80,yes
537,7e7b6449-56ac-4fa1-adb4-1e5852b1c56a,GDP-22MAR31-T2.5,80,2022-03-08T01:58:44.74251Z,20,80,yes
538,d895c619-f932-46dc-ab41-10417046211b,GDP-22MAR31-T2.5,6,2022-03-07T21:06:54.772494Z,20,80,yes
539,56e945a1-2f0b-417d-b0bf-1e5cafe60be5,GDP-22MAR31-T2.5,89,2022-03-07T21:06:54.772494Z,19,81,yes
540,2dd23c1d-2bc5-46e1-babb-06fce6b4575a,GDP-22MAR31-T2.5,19,2022-03-07T21:06:54.772494Z,19,81,yes
541,01224100-5a33-41ae-8384-e0beed6a012e,GDP-22MAR31-T2.5,113,2022-03-07T21:06:54.772494Z,20,80,yes
542,6405f0c7-4ebd-4a54-8973-067307dd17ff,GDP-22MAR31-T2.5,10,2022-03-06T18:29:24.028986Z,16,84,no
543,ac7929d1-14d5-4078-815e-ebb630eb3da6,GDP-22MAR31-T2.5,10,2022-03-06T16:29:25.687054Z,16,84,no
544,d60cb988-5f33-4347-ae16-b11bfe92314c,GDP-22MAR31-T2.5,89,2022-03-06T16:23:59.247452Z,18,82,yes
545,91729049-032b-4008-bda7-a26fa5509a3e,GDP-22MAR31-T2.5,116,2022-03-06T16:23:59.247452Z,19,81,yes
546,5c42bdda-a6f3-4d92-b6ae-e668047603f4,GDP-22MAR31-T2.5,15,2022-03-06T16:23:59.247452Z,19,81,yes
547,4e836f68-e925-4c88-862d-f626a53258c6,GDP-22MAR31-T2.5,35,2022-03-05T22:01:44.631624Z,18,82,yes
548,e7ae6ff7-4315-459f-b771-fc45adf102c9,GDP-22MAR31-T2.5,40,2022-03-05T19:25:16.798411Z,18,82,yes
549,8a6453c9-de2b-4ad6-8455-9350a9eef7c6,GDP-22MAR31-T2.5,30,2022-03-05T19:25:16.798411Z,18,82,yes
550,dd731ee8-60d6-4a67-b580-fb2970abd188,GDP-22MAR31-T2.5,77,2022-03-05T04:37:20.492184Z,18,82,yes
551,fc768206-91ea-4b34-a514-8cc597c6a5d6,GDP-22MAR31-T2.5,10,2022-03-05T00:07:52.480591Z,18,82,yes
552,31171aa0-8bf9-4c67-bb12-8240ea8105ac,GDP-22MAR31-T2.5,89,2022-03-05T00:07:52.480591Z,17,83,yes
553,7f87b171-d95d-4bdb-b043-7798675deddc,GDP-22MAR31-T2.5,78,2022-03-04T21:32:54.728909Z,16,84,yes
554,539e95d9-2681-425c-b4b2-dbc6c1fb37d8,GDP-22MAR31-T2.5,35,2022-03-04T21:32:54.728909Z,17,83,yes
555,4dfbe27d-8359-44d3-82ef-13a12ec36305,GDP-22MAR31-T2.5,75,2022-03-04T21:32:54.728909Z,16,84,yes
556,a99c01c9-ddc2-4544-850c-8ece23b411bf,GDP-22MAR31-T2.5,5,2022-03-02T20:49:17.18514Z,13,87,no
557,223e1866-4cc1-4071-8186-77e30e8d1500,GDP-22MAR31-T2.5,33,2022-03-01T21:24:13.336665Z,15,85,yes
558,074d9d8f-3607-407e-9b09-8c0a8e88f748,GDP-22MAR31-T2.5,57,2022-03-01T21:24:13.336665Z,16,84,yes
559,9abd3b7b-7b92-4c55-864e-e96665591072,GDP-22MAR31-T2.5,50,2022-03-01T20:52:40.975525Z,12,88,no
560,3e5beaf0-3142-443e-a10a-9945c8d5763d,GDP-22MAR31-T2.5,20,2022-03-01T20:11:00.048196Z,16,84,yes
561,9720e952-c195-4b5e-9566-838d60d96724,GDP-22MAR31-T2.5,47,2022-03-01T19:38:46.120196Z,15,85,yes
562,91b61c1c-1303-45d7-aba4-52a4ad9fe51a,GDP-22MAR31-T2.5,50,2022-03-01T19:38:46.120196Z,15,85,yes
563,23b0ee3c-c322-4179-bdb1-cbf28c8735c3,GDP-22MAR31-T2.5,88,2022-03-01T00:15:25.160412Z,15,85,yes
564,b591e3d3-018c-47cf-9a28-f5c5a71cef7e,GDP-22MAR31-T2.5,15,2022-02-28T03:13:37.840131Z,13,87,yes
565,2b96e7b7-43af-40f2-af8e-03fa98d9be78,GDP-22MAR31-T2.5,138,2022-02-28T03:13:37.840131Z,14,86,yes
566,ba96e179-c62b-4ddf-88be-26cf8d701eaf,GDP-22MAR31-T2.5,137,2022-02-28T03:12:13.669416Z,11,89,no
567,ebc44708-db4b-455c-9bf7-46a775cc8c71,GDP-22MAR31-T2.5,137,2022-02-28T03:11:58.579115Z,12,88,no
568,ad3a786c-6baa-46f5-a037-b1a80b488f79,GDP-22MAR31-T2.5,131,2022-02-28T00:21:27.43809Z,13,87,no
569,e26ce2d5-b28c-4693-b87a-8b3d50bb7d05,GDP-22MAR31-T2.5,122,2022-02-27T21:33:49.525869Z,14,86,no
570,f1ef6b96-b6b6-4586-aca0-420fca6dbadc,GDP-22MAR31-T2.5,138,2022-02-27T21:19:01.969266Z,15,85,no
571,9507f4e4-ef12-4298-89d2-554aa69eaa13,GDP-22MAR31-T2.5,10,2022-02-27T21:19:01.969266Z,16,84,no
572,4ec109c2-a12b-44a7-a0b6-040f75322437,GDP-22MAR31-T2.5,24,2022-02-27T13:25:09.946306Z,19,81,yes
573,8ae43133-3d2e-4dd7-885d-ef74c3a51bb8,GDP-22MAR31-T2.5,113,2022-02-27T01:46:32.074589Z,16,84,no
574,38864e04-1efd-4066-98ae-53ef87fc5ebb,GDP-22MAR31-T2.5,25,2022-02-27T01:46:32.074589Z,16,84,no
575,c557d568-74a9-40ff-8382-d434fa00a949,GDP-22MAR31-T2.5,25,2022-02-27T01:46:23.051848Z,17,83,no
576,54a79c05-7fbf-4941-a896-ed402e8deea2,GDP-22MAR31-T2.5,111,2022-02-27T01:46:23.051848Z,17,83,no
577,678435a2-e7c4-48e3-8085-d21a5b97130f,GDP-22MAR31-T2.5,106,2022-02-26T18:48:06.241972Z,18,82,no
578,ab4c7877-1cb6-4539-8eb0-243c4fa9cfba,GDP-22MAR31-T2.5,30,2022-02-26T18:41:31.98036Z,19,81,no
579,f43de8d3-f268-4966-920b-97214a008002,GDP-22MAR31-T2.5,81,2022-02-26T18:41:21.328542Z,19,81,no
580,9b712e60-8c90-42d8-8d51-985662bdb8cf,GDP-22MAR31-T2.5,1,2022-02-26T01:45:07.278519Z,19,81,no
581,07a1fc0c-13b8-4d49-abda-22ae50ee6169,GDP-22MAR31-T2.5,6,2022-02-25T19:08:53.898712Z,23,77,yes
582,f73cc5bc-6afd-44d0-9d39-7d1e0be68406,GDP-22MAR31-T2.5,4,2022-02-24T13:15:28.233581Z,20,80,no
583,d45ce3ce-533a-41e3-8f9c-08afdaa3f4ad,GDP-22MAR31-T2.5,82,2022-02-24T13:14:50.843976Z,20,80,no
584,b384dc29-cb80-423e-b22e-2ab116f0b850,GDP-22MAR31-T2.5,95,2022-02-24T13:14:50.843976Z,20,80,no
585,7fe7e954-a2ab-45d1-9444-89cdf67fbe27,GDP-22MAR31-T2.5,1,2022-02-24T13:13:10.645035Z,20,80,no
586,73caa643-9a0c-4338-b5d2-6e1b061e5293,GDP-22MAR31-T2.5,40,2022-02-24T13:13:00.681075Z,20,80,no
587,e0722f08-f7d3-4d44-895b-9d7d391a68b7,GDP-22MAR31-T2.5,25,2022-02-24T13:11:12.54072Z,22,78,no
588,dd9c22ec-53d8-43b5-82ce-07443bc77f40,GDP-22MAR31-T2.5,27,2022-02-24T13:11:12.54072Z,20,80,no
589,ac130cf8-3c56-4b68-bdae-4c7c9eb96960,GDP-22MAR31-T2.5,100,2022-02-24T13:11:12.54072Z,21,79,no
590,533146bf-3687-40be-9871-53a17f2d2e79,GDP-22MAR31-T2.5,98,2022-02-24T13:11:12.54072Z,20,80,no
591,e9114e9b-b621-45d8-af87-ed5a1736c1ba,GDP-22MAR31-T2.5,13,2022-02-20T00:39:43.43409Z,22,78,no
592,9ab2774f-7494-40a1-9f58-69f62919f287,GDP-22MAR31-T2.5,21,2022-02-20T00:39:43.43409Z,21,79,no
593,96e19b51-e470-401c-861d-446abb8eb500,GDP-22MAR31-T2.5,92,2022-02-20T00:39:43.43409Z,23,77,no
594,84c1d2dd-0014-4c03-8f61-a0cafe8de4fb,GDP-22MAR31-T2.5,74,2022-02-20T00:39:43.43409Z,24,76,no
595,467a5068-767a-4653-b69e-399a28401566,GDP-22MAR31-T2.5,12,2022-02-20T00:39:43.43409Z,23,77,no
596,34922379-8714-4a53-b11e-bfe25598ebfb,GDP-22MAR31-T2.5,93,2022-02-20T00:39:43.43409Z,22,78,no
597,21a0a9d1-2ac2-4134-b596-3ab599b1ab5e,GDP-22MAR31-T2.5,12,2022-02-20T00:39:43.43409Z,21,79,no
598,1d7231dd-455d-4ca3-8e51-c5ec1c8183fa,GDP-22MAR31-T2.5,1,2022-02-20T00:39:43.43409Z,23,77,no
599,277f99ea-555b-4cd8-a549-b7e4b3f73a23,GDP-22MAR31-T2.5,34,2022-02-19T14:57:42.801407Z,28,72,yes
600,459cc3c1-1605-4a5f-af16-64e9be264059,GDP-22MAR31-T2.5,69,2022-02-18T21:47:29.550228Z,27,73,yes
601,ee952a27-ebc9-4c09-a63c-2e603019235b,GDP-22MAR31-T2.5,9,2022-02-18T21:47:18.816097Z,25,75,yes
602,7c294483-8f7e-4cd0-9902-0f158b007d84,GDP-22MAR31-T2.5,94,2022-02-18T21:47:18.816097Z,26,74,yes
603,5f19d460-e6cd-4898-ab90-0e321bb3e618,GDP-22MAR31-T2.5,20,2022-02-18T21:47:18.816097Z,27,73,yes
604,87a8ae92-1162-4a81-8103-6157b6e9de25,GDP-22MAR31-T2.5,98,2022-02-18T21:46:26.639464Z,23,77,yes
605,28071091-ed2a-4463-99c1-47d47356fa1e,GDP-22MAR31-T2.5,82,2022-02-18T21:46:26.639464Z,25,75,yes
606,20e8086a-0b09-4087-9fe0-c656a9e5fe99,GDP-22MAR31-T2.5,98,2022-02-18T21:46:26.639464Z,24,76,yes
607,6efd8815-d2b8-4e33-bb89-c47cd0be1fd9,GDP-22MAR31-T2.5,105,2022-02-18T21:46:04.813273Z,22,78,yes
608,1f902846-246a-4f31-9658-17817ebee5cf,GDP-22MAR31-T2.5,4,2022-02-18T21:45:49.86446Z,21,79,yes
609,1669dc12-47f2-40df-91cc-3e5c4c6f503b,GDP-22MAR31-T2.5,108,2022-02-18T21:45:49.86446Z,21,79,yes
610,a6e3d496-6aa0-4496-a9a4-df3be7bb55e5,GDP-22MAR31-T2.5,93,2022-02-18T17:42:59.900385Z,21,79,yes
611,ed146cc2-a043-4110-bfff-3113e27c853c,GDP-22MAR31-T2.5,3,2022-02-17T17:35:53.175402Z,21,79,yes
612,06b1c0ed-aa36-47d3-96ca-054acee26c8c,GDP-22MAR31-T2.5,1,2022-02-17T16:14:37.11201Z,20,80,no
613,5fa0d7b7-13c4-47ec-a27a-393d7c938fe7,GDP-22MAR31-T2.5,40,2022-02-17T16:01:57.470122Z,20,80,yes
614,0cae517d-19d2-4e4b-8ecf-704b95885e30,GDP-22MAR31-T2.5,38,2022-02-17T16:00:39.625286Z,20,80,yes
615,e7ef2af1-d6f6-4d95-8632-653a12de1205,GDP-22MAR31-T2.5,30,2022-02-16T19:36:12.920407Z,20,80,yes
616,3daf89f8-f4c1-4a1b-a538-94236ba62b2d,GDP-22MAR31-T2.5,50,2022-02-15T21:14:17.592892Z,19,81,yes
617,29dc4a66-f944-4b86-b278-4fd171b7b746,GDP-22MAR31-T2.5,116,2022-02-15T21:14:17.592892Z,19,81,yes
618,41188a55-9827-400f-a1d0-6a6bf6b14768,GDP-22MAR31-T2.5,50,2022-02-15T21:14:03.287131Z,18,82,yes
619,0809a075-2703-43bf-8018-6303197fd3e0,GDP-22MAR31-T2.5,64,2022-02-13T20:51:42.714179Z,18,82,yes
620,b2131cc2-8183-43ac-a6be-d7fa117367e9,GDP-22MAR31-T2.5,87,2022-02-12T18:48:44.916265Z,16,84,no
621,07651b4d-c012-4fbe-bc59-7596f28de50a,GDP-22MAR31-T2.5,87,2022-02-12T18:48:09.025059Z,16,84,no
622,d04e39eb-029d-45ce-bf03-4d68c1d44927,GDP-22MAR31-T2.5,50,2022-02-11T15:29:11.288808Z,19,81,yes
623,cd912d1b-818b-4b47-9935-66932e504c2a,GDP-22MAR31-T2.5,117,2022-02-11T15:29:11.288808Z,19,81,yes
624,885b3d53-7ba0-4fe8-a5fb-e1de0e8a1388,GDP-22MAR31-T2.5,10,2022-02-11T15:29:11.288808Z,18,82,yes
625,7beb6479-e2f5-4fe3-a109-8f476749c395,GDP-22MAR31-T2.5,60,2022-02-11T15:28:30.447234Z,18,82,yes
626,09e16c5c-042f-4240-a252-bf2b130f5c9a,GDP-22MAR31-T2.5,40,2022-02-11T15:28:30.447234Z,18,82,yes
627,4fe21448-2716-44de-a519-0b95d843b9cb,GDP-22MAR31-T2.5,91,2022-02-10T19:41:28.702296Z,17,83,yes
628,2411ec88-57ed-4ae3-980d-9d4d0114970e,GDP-22MAR31-T2.5,109,2022-02-10T19:41:17.250973Z,17,83,no
629,c41edd82-3cb8-45b1-9aa8-742e72011f57,GDP-22MAR31-T2.5,10,2022-02-10T18:39:03.918506Z,17,83,no
630,5803c654-b435-4ec3-a04b-134bdd0b4baa,GDP-22MAR31-T2.5,37,2022-02-10T18:01:12.434193Z,18,82,no
631,0e1ec769-b7d2-4488-abea-4f9cd201687e,GDP-22MAR31-T2.5,25,2022-02-10T18:00:29.779537Z,18,82,no
632,0cfd9b7b-d817-4477-9859-e0210b93cbd6,GDP-22MAR31-T2.5,57,2022-02-10T18:00:29.779537Z,18,82,no
633,237fe1d9-ec13-4278-bb5e-379f9d758090,GDP-22MAR31-T2.5,113,2022-02-10T14:14:34.394292Z,19,81,no
634,06042cca-371e-41f2-9f55-07741dcc1dcd,GDP-22MAR31-T2.5,25,2022-02-10T14:14:34.394292Z,19,81,no
635,8d3412ab-be87-4046-a505-87d8861d2aba,GDP-22MAR31-T2.5,27,2022-02-10T14:14:29.03472Z,20,80,no
636,10c6dc8a-2909-4c75-9013-236966ccc3cd,GDP-22MAR31-T2.5,41,2022-02-09T19:11:54.517044Z,21,79,no
637,de997689-8d2a-4091-b1a5-a27eaf20a3b4,GDP-22MAR31-T2.5,3,2022-02-08T23:23:35.249332Z,25,75,yes
638,1783f8ce-ac14-45ca-a892-ba4420cb8e6b,GDP-22MAR31-T2.5,59,2022-02-08T23:04:34.681213Z,24,76,yes
639,06755336-b76d-4d96-ac62-24320d1e8a0c,GDP-22MAR31-T2.5,41,2022-02-08T23:04:34.681213Z,25,75,yes
640,f4b62e81-4108-4247-bb70-11941051d038,GDP-22MAR31-T2.5,34,2022-02-08T21:25:02.073394Z,22,78,yes
641,beb348c7-01fa-4af6-a9b0-940c09034e36,GDP-22MAR31-T2.5,86,2022-02-08T21:25:02.073394Z,23,77,yes
642,6204a54a-32b0-4bdc-b489-d69d56d3f2cf,GDP-22MAR31-T2.5,6,2022-02-08T21:25:02.073394Z,24,76,yes
643,42a14333-da3b-48ca-a5f7-30307a95f506,GDP-22MAR31-T2.5,100,2022-02-08T21:25:02.073394Z,24,76,yes
644,1dae58de-0f87-4b07-80ea-5b29c1af24e4,GDP-22MAR31-T2.5,73,2022-02-08T21:25:02.073394Z,23,77,yes
645,82d345eb-cae5-408a-9703-31c25b7bc69b,GDP-22MAR31-T2.5,82,2022-02-08T18:17:25.394612Z,20,80,no
646,580ae027-231d-4f0e-af59-796cda129b51,GDP-22MAR31-T2.5,1,2022-02-08T18:17:25.394612Z,20,80,no
647,0be48e8e-09eb-47be-b615-5a03e1bd4920,GDP-22MAR31-T2.5,39,2022-02-08T18:17:25.394612Z,19,81,no
648,38979fd8-6de5-42f6-98f7-1893a0e60a42,GDP-22MAR31-T2.5,23,2022-02-08T17:41:27.927368Z,20,80,no
649,726d7cee-11c1-43ec-bef6-f3d7aac4fd1a,GDP-22MAR31-T2.5,1,2022-02-07T20:42:29.853101Z,23,77,yes
650,67141b0b-b0d5-4fb0-91d5-d8abc3d96e85,GDP-22MAR31-T2.5,100,2022-02-07T20:42:29.853101Z,22,78,yes
651,12916a11-3f08-473c-909b-3a2c3b940a38,GDP-22MAR31-T2.5,11,2022-02-07T20:42:29.853101Z,22,78,yes
652,8f66f1e6-7f80-4a9b-bfd6-eff9b83fdbd2,GDP-22MAR31-T2.5,13,2022-02-07T13:04:46.078035Z,23,77,no
653,3129ecc0-dad3-40f4-9687-01f4718bb7b3,GDP-22MAR31-T2.5,79,2022-02-06T18:19:54.583132Z,24,76,yes
654,262c58f7-6f6c-4116-85cf-01b98e3a15e6,GDP-22MAR31-T2.5,7,2022-02-06T18:19:54.583132Z,24,76,yes
655,c7016ae5-7d4b-4ce7-b2ec-9f06fc4951b0,GDP-22MAR31-T2.5,14,2022-02-06T18:18:33.94748Z,23,77,yes
656,47ac3a2e-755c-4a62-a2bc-dd61f849d8db,GDP-22MAR31-T2.5,50,2022-02-06T18:18:33.94748Z,23,77,yes
657,be63b8f8-82b0-441e-8fa8-7d657e48f6ca,GDP-22MAR31-T2.5,11,2022-02-06T18:01:44.782675Z,22,78,yes
658,9ab71ceb-50a7-438b-9b7e-3077a65b8b05,GDP-22MAR31-T2.5,100,2022-02-06T18:01:44.782675Z,23,77,yes
659,8402fa66-fe1a-45ab-92f5-91a5a10adb69,GDP-22MAR31-T2.5,2,2022-02-06T18:01:44.782675Z,23,77,yes
660,5d9ae35f-e8b6-4dd1-bf77-0862cfbac813,GDP-22MAR31-T2.5,10,2022-02-06T18:01:44.782675Z,24,76,yes
661,46427e3f-39e2-4fc5-ac1f-ce1174725136,GDP-22MAR31-T2.5,16,2022-02-06T18:01:44.782675Z,23,77,yes
662,e23f1206-b2dd-446e-838e-d611506b0540,GDP-22MAR31-T2.5,89,2022-02-06T17:55:36.946331Z,22,78,yes
663,3764489a-1769-4a94-b5ac-5f273d59031f,GDP-22MAR31-T2.5,67,2022-02-06T17:55:36.946331Z,21,79,yes
664,f202ce14-4916-4856-8a49-99af372ed07a,GDP-22MAR31-T2.5,1,2022-02-05T18:06:49.766714Z,20,80,no
665,eb911bb7-ecdc-41b6-a45a-901960e90a10,GDP-22MAR31-T2.5,33,2022-02-05T17:27:56.176756Z,21,79,no
666,d817a434-65a8-4627-b7f4-5d6d567b469d,GDP-22MAR31-T2.5,25,2022-02-05T16:38:22.1086Z,21,79,no
667,cf005b1a-103f-4f83-ba34-a5ee7d238786,GDP-22MAR31-T2.5,25,2022-02-05T16:38:22.1086Z,21,79,no
668,8866746c-d228-4ad6-be1e-b1533d6c8179,GDP-22MAR31-T2.5,25,2022-02-05T16:33:11.329797Z,22,78,no
669,16838e6a-f6bc-41dc-a1ab-a0ad899f6f8f,GDP-22MAR31-T2.5,61,2022-02-05T16:33:11.329797Z,22,78,no
670,b69109c3-38cd-4146-aef0-7aa22e4216b7,GDP-22MAR31-T2.5,25,2022-02-05T16:24:19.616334Z,23,77,yes
671,3957d060-5116-4f2e-95f6-366d65dbc3d3,GDP-22MAR31-T2.5,73,2022-02-05T01:43:54.629056Z,23,77,no
672,4846d74e-d414-4a99-8a41-d283223e593a,GDP-22MAR31-T2.5,11,2022-02-05T01:43:01.47221Z,24,76,no
673,70e4725e-6a32-44dc-907f-55fa1bf16860,GDP-22MAR31-T2.5,15,2022-02-04T20:52:35.331976Z,24,76,no
674,16d6687f-b804-4ed1-8e50-0652f611998c,GDP-22MAR31-T2.5,26,2022-02-04T20:52:24.267257Z,24,76,no
675,01f73829-0796-404b-a359-584bb4eb3b17,GDP-22MAR31-T2.5,97,2022-02-04T20:52:24.267257Z,25,75,no
676,3522915f-9fbd-426b-92ad-f507c48912eb,GDP-22MAR31-T2.5,3,2022-02-04T18:03:13.321701Z,25,75,no
677,d5da687b-cf71-4a22-93ec-9541076e376b,GDP-22MAR31-T2.5,47,2022-02-04T15:09:20.605318Z,28,72,no
678,9afaddc1-47f7-4169-8d6f-7d5b1790f936,GDP-22MAR31-T2.5,3,2022-02-04T15:09:20.605318Z,30,70,no
679,6cf9b102-e517-450b-be33-69d60b4f652b,GDP-22MAR31-T2.5,3,2022-02-04T15:09:20.605318Z,29,71,no
680,5af4fa37-f6e9-4a0e-9871-f77989b55fd3,GDP-22MAR31-T2.5,62,2022-02-04T15:09:20.605318Z,31,69,no
681,587f1dcf-d9ac-4f6a-b4d7-f32b99c86403,GDP-22MAR31-T2.5,52,2022-02-04T15:09:20.605318Z,30,70,no
682,3cf131cc-b0bb-4008-bd16-d5f998443421,GDP-22MAR31-T2.5,54,2022-02-04T15:09:20.605318Z,29,71,no
683,2e2ed2d9-1989-439a-8f05-3c2ac8be4d35,GDP-22MAR31-T2.5,6,2022-02-04T15:09:20.605318Z,32,68,no
684,6f6a4db4-7f52-48af-b80c-ada930f5ec5c,GDP-22MAR31-T2.5,5,2022-02-04T14:21:20.376594Z,32,68,no
685,d8e2465c-531a-49ab-9d43-3807b1db661a,GDP-22MAR31-T2.5,1,2022-02-04T13:55:18.956689Z,32,68,no
686,e2f224b9-5a52-4fa4-9aa8-3a1aa54bbc07,GDP-22MAR31-T2.5,3,2022-02-04T13:41:41.279769Z,35,65,yes
687,b75285ec-2def-4bb3-8970-fe0a605f7c64,GDP-22MAR31-T2.5,29,2022-02-04T13:41:41.279769Z,33,67,yes
688,9c06a526-499d-4a44-a8dd-63fe05db90fa,GDP-22MAR31-T2.5,59,2022-02-04T13:41:41.279769Z,34,66,yes
689,470a9937-0c1d-436a-aa64-72d443824d8b,GDP-22MAR31-T2.5,58,2022-02-04T13:41:41.279769Z,35,65,yes
690,135e0881-f8ed-44a3-9651-9b60d699c37b,GDP-22MAR31-T2.5,3,2022-02-04T13:41:41.279769Z,34,66,yes
691,10e26a8f-cb99-4d4b-8a17-6d493602d783,GDP-22MAR31-T2.5,6,2022-02-03T17:05:25.848556Z,29,71,no
692,c75ef711-0a71-4ba8-ba46-05a874d5147d,GDP-22MAR31-T2.5,53,2022-02-02T20:45:54.610868Z,30,70,no
693,17837169-9472-4f19-b81a-0aff1e697ca1,GDP-22MAR31-T2.5,1,2022-02-01T21:54:03.888008Z,30,70,no
694,5dcd3755-084b-420e-a50f-a0f55f960741,GDP-22MAR31-T2.5,53,2022-02-01T21:17:28.478953Z,31,69,no
695,dff904d2-a602-4530-afb7-493ebb1d7749,GDP-22MAR31-T2.5,19,2022-02-01T21:17:06.616029Z,33,67,no
696,e5f3169e-efeb-4fa4-a3e3-b5d990686c20,GDP-22MAR31-T2.5,1,2022-02-01T20:30:14.500974Z,34,66,no
697,783c8542-f749-4fa6-9432-54fc800fa035,GDP-22MAR31-T2.5,6,2022-02-01T20:30:14.500974Z,33,67,no
698,40615423-7f8e-473b-bb23-cb1facbd949c,GDP-22MAR31-T2.5,12,2022-02-01T03:23:39.893976Z,38,62,yes
699,fc5468ff-0d4a-4db7-82ac-c739966b490b,GDP-22MAR31-T2.5,1,2022-01-31T21:39:40.556465Z,35,65,no
700,d535b152-ee4f-4ef5-ab34-358183f28ef4,GDP-22MAR31-T2.5,57,2022-01-31T21:39:40.556465Z,35,65,no
701,4329f1a9-7046-4339-9226-7c6186afbde9,GDP-22MAR31-T2.5,10,2022-01-31T20:38:58.327102Z,36,64,no
702,1e3431de-f328-4050-a0c1-7a7612bfbd3f,GDP-22MAR31-T2.5,9,2022-01-31T20:38:58.327102Z,35,65,no
703,36198b0d-80d6-416f-ae8c-4d9eb462510b,GDP-22MAR31-T2.5,17,2022-01-31T20:11:12.372207Z,36,64,no
704,d1a0feb9-6fd9-4287-b4e8-a457f950bc2e,GDP-22MAR31-T2.5,10,2022-01-31T18:01:47.77518Z,36,64,no
705,e655668d-8e28-4173-9064-1e8f65c2ebfc,GDP-22MAR31-T2.5,20,2022-01-31T17:55:25.68634Z,36,64,no
706,39185749-2c2f-448b-b1df-7376892ffd19,GDP-22MAR31-T2.5,34,2022-01-31T17:55:25.68634Z,37,63,no
707,1c8d8739-8833-4f59-96b7-8513e14c2a76,GDP-22MAR31-T2.5,23,2022-01-31T17:55:25.68634Z,38,62,no
708,a3543647-da4e-49b1-8d1a-e61a0015fe86,GDP-22MAR31-T2.5,2,2022-01-31T17:15:21.761589Z,38,62,no
709,c5eba493-bfec-4c2b-b0be-911e64b22830,GDP-22MAR31-T2.5,13,2022-01-31T16:25:28.354054Z,35,65,yes
710,be9704b9-96b7-4e42-a477-af41ce97a249,GDP-22MAR31-T2.5,233,2022-01-31T16:25:04.69187Z,31,69,no
711,1caccccf-ba0f-46ce-9914-93bdc3752f27,GDP-22MAR31-T2.5,295,2022-01-31T16:24:42.40832Z,35,65,no
712,c4dc9701-b6ef-4759-b77e-136e7037d71e,GDP-22MAR31-T2.5,50,2022-01-31T16:24:33.724102Z,38,62,no
713,902dce9d-0689-497d-9db2-31339453183f,GDP-22MAR31-T2.5,49,2022-01-31T16:24:33.724102Z,40,60,no
714,82071a31-20e2-4388-9123-725731b8daf3,GDP-22MAR31-T2.5,3,2022-01-31T16:24:33.724102Z,39,61,no
715,480bc0ef-2d3f-48cc-a9e3-8e7602a98b0e,GDP-22MAR31-T2.5,100,2022-01-31T16:24:33.724102Z,39,61,no
716,3dc436ff-1093-4ee6-b42a-eda056deff1c,GDP-22MAR31-T2.5,48,2022-01-31T16:24:33.724102Z,39,61,no
717,274a73ba-416f-445f-85bf-8951ce600e0b,GDP-22MAR31-T2.5,7,2022-01-31T16:24:33.724102Z,40,60,no
718,17041322-9076-4a2f-bf9b-4f1b0578ab73,GDP-22MAR31-T2.5,25,2022-01-31T16:24:33.724102Z,40,60,no
719,c3176953-cce3-46d7-887e-817b39f47369,GDP-22MAR31-T2.5,3,2022-01-31T16:24:21.807539Z,42,58,no
720,8194ff64-3176-4855-a6dd-a7df4240dcc6,GDP-22MAR31-T2.5,1,2022-01-31T16:24:21.807539Z,41,59,no
721,7bb90808-a17c-4368-9418-976cb0f4b4ff,GDP-22MAR31-T2.5,51,2022-01-31T16:24:21.807539Z,41,59,no
722,30bac3f9-57a1-4fc2-aa9e-9ac7bb0001c3,GDP-22MAR31-T2.5,4,2022-01-31T16:24:21.807539Z,41,59,no
723,0df5475f-0012-494d-b683-74de0eb36749,GDP-22MAR31-T2.5,28,2022-01-31T16:24:21.807539Z,42,58,no
724,e2dbb2c7-4e22-4e4d-b8fa-b7dcce3bc30e,GDP-22MAR31-T2.5,3,2022-01-31T15:55:59.869804Z,43,57,no
725,ad1ca4f6-0f12-4a83-aa5a-49716e2137bd,GDP-22MAR31-T2.5,17,2022-01-31T15:55:59.869804Z,43,57,no
726,87cf242c-7167-4904-b97f-4ad96d865584,GDP-22MAR31-T2.5,22,2022-01-31T15:55:59.869804Z,42,58,no
727,26890862-91a4-4ac1-8d15-7979f843f051,GDP-22MAR31-T2.5,25,2022-01-31T15:55:59.869804Z,43,57,no
728,a5a67acb-9f8d-478c-9a9b-c4fa4c62e547,GDP-22MAR31-T2.5,52,2022-01-31T13:02:32.32212Z,46,54,no
729,8e82c80c-dc06-4077-a48b-213b13eeb572,GDP-22MAR31-T2.5,48,2022-01-31T13:02:32.32212Z,45,55,no
730,23a01a08-d7ab-4f79-818a-6e278dceff01,GDP-22MAR31-T2.5,27,2022-01-31T13:02:32.32212Z,43,57,no
731,1f42901b-4763-4d5b-b0ab-8bfc11be9caa,GDP-22MAR31-T2.5,48,2022-01-31T13:02:32.32212Z,44,56,no
732,d26e02f4-7bd2-48d3-88e8-056d2fcd709b,GDP-22MAR31-T2.5,109,2022-01-31T13:01:23.439909Z,48,52,yes
733,c2e2a4cc-9de9-4fc6-859c-de26f8fef5c9,GDP-22MAR31-T2.5,14,2022-01-31T13:01:23.439909Z,49,51,yes
734,9127cbe7-8075-4257-8833-6ca4143f23ed,GDP-22MAR31-T2.5,1,2022-01-31T13:01:23.439909Z,50,50,yes
735,4da8c506-adf2-4e4e-ab3f-20855924eeb3,GDP-22MAR31-T2.5,54,2022-01-31T13:01:23.439909Z,50,50,yes
736,47cb7a92-46db-417d-b6bf-0031223443f8,GDP-22MAR31-T2.5,2,2022-01-31T13:01:23.439909Z,49,51,yes
737,0ee8ed95-a1ca-4731-90d1-e2da8232cbee,GDP-22MAR31-T2.5,1,2022-01-31T13:01:23.439909Z,49,51,yes
738,90e10f93-2a73-4ef7-9cff-8b43e9aa994f,GDP-22MAR31-T2.5,2,2022-01-31T13:00:28.361377Z,45,55,yes
739,2b76c72b-6a99-41df-adc5-8550af00852e,GDP-22MAR31-T2.5,1,2022-01-31T13:00:28.335459Z,44,56,yes
740,4370a12a-8d63-4452-b070-484e7e493339,GDP-22MAR31-T2.5,1,2022-01-31T03:45:25.070963Z,43,57,no
741,5cad3cb5-b125-4719-9fda-4f8c0ab23d61,GDP-22MAR31-T2.5,1,2022-01-31T03:44:29.185831Z,43,57,no
742,3c526ce1-a7eb-4eef-96ca-c55950a2cf30,GDP-22MAR31-T2.5,11,2022-01-31T03:44:21.034737Z,40,60,no
743,d413cb60-2575-4fdb-8cb6-bd2b9e5e8842,GDP-22MAR31-T2.5,1,2022-01-31T03:44:05.666415Z,42,58,no
744,b454cb4a-9057-41f7-9e47-74b7309fefc2,GDP-22MAR31-T2.5,4,2022-01-31T03:44:05.666415Z,43,57,no
745,81f6d977-2ffa-4557-9cc6-113777e30a15,GDP-22MAR31-T2.5,2,2022-01-31T03:44:05.666415Z,41,59,no
746,6caa7e62-0814-4012-b988-a084655f017a,GDP-22MAR31-T2.5,26,2022-01-31T03:44:05.666415Z,42,58,no
747,2b56a779-05b5-4200-afbf-7607edc8cafd,GDP-22MAR31-T2.5,2,2022-01-31T03:44:05.666415Z,43,57,no
748,22a2e4f1-da1e-45ba-87e8-e68560ee5066,GDP-22MAR31-T2.5,2,2022-01-31T03:44:05.666415Z,41,59,no
749,6f3d81fa-0d59-467b-a92d-7b1da290faee,GDP-22MAR31-T2.5,1,2022-01-31T03:41:37.701515Z,43,57,no
750,f3c250e3-738d-4db4-a766-ee2c98d4dc9b,GDP-22MAR31-T2.5,2,2022-01-31T02:03:42.07903Z,48,52,yes
751,e509511e-43d6-4bb6-867a-29f1c2071d09,GDP-22MAR31-T2.5,27,2022-01-31T02:03:42.07903Z,45,55,yes
752,b8e382b3-01c3-4db2-ac8b-0d94d9242b11,GDP-22MAR31-T2.5,2,2022-01-31T02:03:42.07903Z,44,56,yes
753,a3b9cbe5-fd29-4506-8aae-0899a05c04ac,GDP-22MAR31-T2.5,23,2022-01-31T02:03:42.07903Z,43,57,yes
754,8c518395-a6d7-40f5-b008-52cbd99f6cd6,GDP-22MAR31-T2.5,17,2022-01-31T02:03:42.07903Z,41,59,yes
755,72dd996b-243a-4736-a631-09d1bbf89d7d,GDP-22MAR31-T2.5,9,2022-01-31T02:03:42.07903Z,46,54,yes
756,6ee645fd-4177-4368-b090-f22cffa0bee4,GDP-22MAR31-T2.5,20,2022-01-30T02:13:58.147828Z,32,68,yes
757,5d03c9aa-9b64-4533-b1a3-4c5de62bcd5a,GDP-22MAR31-T2.5,22,2022-01-30T02:13:58.147828Z,36,64,yes
758,ddf6d11c-d93c-4549-89e3-93d5adb30a57,GDP-22MAR31-T2.5,77,2022-01-29T20:43:00.456817Z,22,78,no
759,38e2d0d5-940e-4ad6-807c-b89ee28754e5,GDP-22MAR31-T2.5,100,2022-01-29T20:43:00.456817Z,22,78,no
760,f477d790-abdc-41b1-8fd3-e8f1af37dff5,GDP-22MAR31-T2.5,45,2022-01-29T19:49:43.524174Z,33,67,no
761,da261f82-11b2-4afa-b309-32005fde42f8,GDP-22MAR31-T2.5,1,2022-01-29T19:49:43.524174Z,32,68,no
762,d26225c4-021e-4e22-aa40-c8e5f338ab44,GDP-22MAR31-T2.5,55,2022-01-29T19:31:19.617442Z,33,67,no
763,6022dd43-8a61-431d-9eaa-93fb7e315265,GDP-22MAR31-T2.5,21,2022-01-29T19:24:30.233206Z,37,63,no
764,39b630c2-8ecf-4ddb-960e-af7bc41be1e2,GDP-22MAR31-T2.5,29,2022-01-29T19:24:23.036301Z,40,60,no
765,c9cfec09-e209-4d7a-bcd1-344d179317bd,GDP-22MAR31-T2.5,48,2022-01-29T19:21:06.509124Z,53,47,no
766,81307058-850d-4486-9e8d-443b99d45880,GDP-22MAR31-T2.5,49,2022-01-29T19:20:48.930359Z,56,44,no
767,78db665d-6635-495a-84a6-53c16e89cac3,GDP-22MAR31-T2.5,49,2022-01-29T19:20:48.930359Z,55,45,no
768,688c0b41-f507-4954-9c27-18e69d3d2734,GDP-22MAR31-T2.5,46,2022-01-29T19:20:48.930359Z,54,46,no
769,4e9e47bf-ed8c-459c-8e7f-b5dda27abf35,GDP-22MAR31-T2.5,50,2022-01-29T19:20:48.930359Z,57,43,no
770,5f79e542-8276-402a-8f8f-24a2321e3177,GDP-22MAR31-T2.5,3,2022-01-29T19:20:26.662212Z,54,46,yes
771,8e9aa651-832a-4605-9619-3644443e75c5,GDP-22MAR31-T2.5,49,2022-01-29T19:20:06.545023Z,56,44,no
772,7d28fbbf-3768-4b88-9000-1b5b0a8ed3e6,GDP-22MAR31-T2.5,49,2022-01-29T19:20:06.545023Z,55,45,no
773,7603f909-4165-4f03-8f24-0a445c404f03,GDP-22MAR31-T2.5,50,2022-01-29T19:20:06.545023Z,57,43,no
774,3900b71f-4cad-4146-93bc-95dddb0bf2c1,GDP-22MAR31-T2.5,49,2022-01-29T19:20:06.545023Z,54,46,no
775,64c85e2d-7d53-4046-a049-129b5cec912a,GDP-22MAR31-T2.5,48,2022-01-29T19:19:28.306896Z,58,42,no
776,c0c3b70f-a7bf-4409-b864-f90ed7f1f77e,GDP-22MAR31-T2.5,50,2022-01-29T19:18:59.24181Z,52,48,no
777,a938c1c9-dfb5-44f1-80c3-c34c3ab5e968,GDP-22MAR31-T2.5,33,2022-01-29T19:18:59.24181Z,52,48,no
778,77a7729a-9d1c-479b-8e4d-3e11d92d37d1,GDP-22MAR31-T2.5,3,2022-01-29T19:18:47.569044Z,59,41,no
779,cdb56b23-eca4-4e6e-87e5-dd9915c5e94c,GDP-22MAR31-T2.5,51,2022-01-29T19:18:24.880222Z,61,39,no
780,c899aa0b-7ee0-4281-94eb-65538543ebe3,GDP-22MAR31-T2.5,57,2022-01-29T19:18:24.880222Z,62,38,no
781,7f67eec4-2813-4622-afeb-dc01e952d9fc,GDP-22MAR31-T2.5,5,2022-01-29T19:18:24.880222Z,63,37,no
782,21f1cd21-bfd1-45d5-be33-18d5305e90df,GDP-22MAR31-T2.5,51,2022-01-29T19:18:24.880222Z,60,40,no
783,0b233fbf-687d-4770-a0b7-7fe1a1293c7d,GDP-22MAR31-T2.5,48,2022-01-29T19:18:24.880222Z,59,41,no
784,84433cd4-18c5-414e-a475-a082b7e97518,GDP-22MAR31-T2.5,2,2022-01-29T15:36:52.515348Z,64,36,no
785,27bd597e-547d-4acc-95f7-80f14d6064e2,GDP-22MAR31-T2.5,48,2022-01-29T15:36:52.515348Z,63,37,no
786,34430dcb-bfa7-4e1d-bd2b-def5beab0921,GDP-22MAR31-T2.5,50,2022-01-29T00:20:48.443035Z,65,35,no
787,56ef1072-4269-4eb0-b934-a115f70cd4bf,GDP-22MAR31-T2.5,46,2022-01-28T19:20:02.040825Z,64,36,no
788,54d0de41-26ff-4a56-a884-3eb0636b0f20,GDP-22MAR31-T2.5,55,2022-01-28T19:20:02.040825Z,65,35,no
789,73096c45-1a93-4aef-994a-30e3ba446bbb,GDP-22MAR31-T2.5,200,2022-01-28T18:36:18.285136Z,68,32,yes
790,ed7e5464-cefc-4b7b-afbf-a1fac228ec91,GDP-22MAR31-T2.5,50,2022-01-28T17:48:33.08593Z,66,34,no
791,a4643f7b-b378-467a-9b74-01956a9e7c49,GDP-22MAR31-T2.5,63,2022-01-28T17:16:37.144545Z,69,31,no
792,28ec798f-3b44-42c9-b53b-120a1ddcf703,GDP-22MAR31-T2.5,57,2022-01-28T17:16:24.457892Z,68,32,no
793,2c7d194e-e9a6-4e75-9965-7d146574e5ed,GDP-22MAR31-T2.5,63,2022-01-28T17:16:10.117134Z,69,31,no
794,b70bafe0-0622-42ab-892a-8dc004ee34cd,GDP-22MAR31-T2.5,12,2022-01-28T17:15:38.431385Z,70,30,no
795,b895ce5c-9b4a-47f5-8703-26e33326f52e,GDP-22MAR31-T2.5,43,2022-01-28T17:10:24.559355Z,70,30,no
796,30c3e3fb-d97e-4512-8fba-80d681a201d3,GDP-22MAR31-T2.5,57,2022-01-28T17:10:24.559355Z,71,29,no
797,17b579d0-55da-42f8-a200-6a1ed9d46c3a,GDP-22MAR31-T2.5,30,2022-01-28T17:05:48.149364Z,72,28,no
798,e2ed97d8-f405-40f7-b356-4c628d0944ae,GDP-22MAR31-T2.5,59,2022-01-28T16:41:41.042707Z,76,24,no
799,853f817c-ec67-4730-b7f3-dc25535cf4e8,GDP-22MAR31-T2.5,63,2022-01-28T16:41:41.042707Z,72,28,no
800,685bf71d-b7f0-40f0-a778-bffdcdeb276a,GDP-22MAR31-T2.5,64,2022-01-28T16:41:41.042707Z,73,27,no
801,3b52568f-5955-472e-ab9a-4b1b8a157b0b,GDP-22MAR31-T2.5,69,2022-01-28T16:41:41.042707Z,75,25,no
802,20069c13-c2b8-4042-b1b1-fcc59ff62aab,GDP-22MAR31-T2.5,67,2022-01-28T16:41:41.042707Z,74,26,no
803,155dcc48-5b47-4f05-a642-1788a10b5e93,GDP-22MAR31-T2.5,6,2022-01-28T15:58:18.449506Z,80,20,yes
804,42171159-bf7f-4a92-abb7-e444552fab21,GDP-22MAR31-T2.5,1,2022-01-28T15:28:38.197329Z,76,24,no
805,f77fc9d7-838d-421e-9090-9c655af7868b,GDP-22JUN30-T0.0,1,2022-07-28T12:23:03.990188Z,35,65,yes
806,3ac9b372-5f80-4455-ae8f-aec3c43a9eee,GDP-22JUN30-T0.0,264,2022-07-28T12:23:03.990188Z,36,64,yes
807,ff3047e7-e2cf-4915-84e4-58c0a9534dec,GDP-22JUN30-T0.0,387,2022-07-28T12:20:46.558108Z,35,65,yes
808,da6b8fa2-a9ee-430e-a96b-2c50af1b4b87,GDP-22JUN30-T0.0,1,2022-07-28T12:20:46.558108Z,35,65,yes
809,cb2bcc76-f19c-4f2f-990e-a1a6e51e5542,GDP-22JUN30-T0.0,300,2022-07-28T12:19:34.953132Z,35,65,yes
810,6125839d-0bdb-450b-bfa8-db2cfa87579c,GDP-22JUN30-T0.0,89,2022-07-28T12:16:50.870798Z,33,67,no
811,389d4d35-bafe-4568-8577-3cba893982e6,GDP-22JUN30-T0.0,11,2022-07-28T12:16:50.870798Z,32,68,no
812,54031d8b-130f-4e98-b729-262479c09dc1,GDP-22JUN30-T0.0,40,2022-07-28T12:15:33.188258Z,35,65,yes
813,1f7750cd-e053-428f-b1e0-916cb31fac76,GDP-22JUN30-T0.0,333,2022-07-28T12:15:06.094492Z,31,69,no
814,a890be63-a2b9-4fc3-8f90-eeedef64e955,GDP-22JUN30-T0.0,206,2022-07-28T12:14:46.898285Z,32,68,no
815,9415054a-bdf8-47bc-992e-f91f33e0f152,GDP-22JUN30-T0.0,100,2022-07-28T12:11:36.43469Z,35,65,yes
816,b622d22e-764c-485c-a740-b49c8f3d67b2,GDP-22JUN30-T0.0,159,2022-07-28T12:10:33.32987Z,35,65,yes
817,d94c1bf6-d185-4b2f-8a5b-7ba2ea387f6f,GDP-22JUN30-T0.0,2,2022-07-28T12:09:13.988639Z,34,66,no
818,ccd7e29c-5501-4244-942c-1da496091109,GDP-22JUN30-T0.0,296,2022-07-28T12:09:13.988639Z,33,67,no
819,5509a6a3-c870-40dc-9f42-0234ca1c80f9,GDP-22JUN30-T0.0,20,2022-07-28T12:09:13.988639Z,34,66,no
820,d2abc941-d8e7-441d-8693-d16e84329c45,GDP-22JUN30-T0.0,75,2022-07-28T12:09:07.998865Z,35,65,no
821,f2cf0319-43a8-4f08-a911-1f57edbc35f6,GDP-22JUN30-T0.0,495,2022-07-28T12:06:43.514001Z,35,65,no
822,ab1f81be-dca0-464e-ac87-e6b31f6194ba,GDP-22JUN30-T0.0,3,2022-07-28T12:04:43.14411Z,37,63,yes
823,c2e19ede-7d47-4b38-8484-edd3791ecaa0,GDP-22JUN30-T0.0,206,2022-07-28T12:03:17.842909Z,40,60,yes
824,b2ccc77c-9987-4a60-baff-91fd3745aa87,GDP-22JUN30-T0.0,644,2022-07-28T12:03:17.842909Z,39,61,yes
825,7e355f63-06b0-46f7-9637-90312171d0cd,GDP-22JUN30-T0.0,70,2022-07-28T12:03:17.842909Z,39,61,yes
826,732c0c6f-4074-4f4c-bb6b-63c94969c050,GDP-22JUN30-T0.0,80,2022-07-28T12:03:17.842909Z,40,60,yes
827,e786b593-b551-4f9b-9b47-dcebc98f43c5,GDP-22JUN30-T0.0,1,2022-07-28T12:03:00.502779Z,39,61,yes
828,e8c7e17a-fa1c-4306-9cbe-f55f883e1ca0,GDP-22JUN30-T0.0,110,2022-07-28T12:02:41.081281Z,39,61,yes
829,8022c0cb-d1e2-40ad-b031-2b7970da1b52,GDP-22JUN30-T0.0,5,2022-07-28T12:02:41.081281Z,35,65,yes
830,6360713e-b0e5-4f9a-8379-0d089fc02222,GDP-22JUN30-T0.0,263,2022-07-28T12:02:41.081281Z,38,62,yes
831,30048693-7670-47bc-8ccc-e2bc49cdc78d,GDP-22JUN30-T0.0,644,2022-07-28T12:02:41.081281Z,37,63,yes
832,22e6cfe0-6f73-49c2-9e25-79014118d784,GDP-22JUN30-T0.0,178,2022-07-28T12:02:41.081281Z,39,61,yes
833,f4eea651-9b7a-428f-be34-5adc45f09e6c,GDP-22JUN30-T0.0,200,2022-07-28T12:02:39.049182Z,33,67,no
834,3e32ef04-2235-4f27-b746-9ac35a4c7117,GDP-22JUN30-T0.0,5,2022-07-28T12:02:35.76015Z,32,68,yes
835,a6ea7f64-7330-4c35-be59-41cecefd380b,GDP-22JUN30-T0.0,178,2022-07-28T12:01:56.480651Z,28,72,no
836,dbcc1e9d-c230-4637-b26b-e03dee5d317f,GDP-22JUN30-T0.0,1,2022-07-28T12:01:45.056514Z,28,72,no
837,db017976-437e-4b7c-b5a8-afc8de324b09,GDP-22JUN30-T0.0,3,2022-07-28T12:01:25.810096Z,27,73,no
838,21ad5afc-e933-49eb-80e1-d69293f6f4b5,GDP-22JUN30-T0.0,10,2022-07-28T12:01:20.160222Z,27,73,no
839,4dd0576c-49c0-4658-8e4d-d47fa95747ab,GDP-22JUN30-T0.0,750,2022-07-28T12:00:56.475565Z,30,70,no
840,922c189e-c661-44ec-8715-0191885425ae,GDP-22JUN30-T0.0,388,2022-07-28T12:00:48.167092Z,32,68,no
841,2a5756e5-e35d-4765-8236-895e957f5950,GDP-22JUN30-T0.0,280,2022-07-28T12:00:48.167092Z,34,66,no
842,1e01aade-0ad5-472c-ac94-7ce3e7492066,GDP-22JUN30-T0.0,390,2022-07-28T12:00:48.167092Z,33,67,no
843,ffeff3d6-4fbb-4cce-962f-689f9eb14905,GDP-22JUN30-T0.0,373,2022-07-28T12:00:08.81958Z,35,65,no
844,b3ad575f-19eb-42e8-bae1-890be8c6ad0e,GDP-22JUN30-T0.0,402,2022-07-28T12:00:08.81958Z,33,67,no
845,19e2b30f-86ef-425c-820f-5d8a52a6cd6a,GDP-22JUN30-T0.0,395,2022-07-28T12:00:08.81958Z,34,66,no
846,7514f5c7-3d6d-4639-8198-c7b3f443bfc8,GDP-22JUN30-T0.0,50,2022-07-28T03:44:04.11654Z,40,60,yes
847,6b5939a2-fd40-4bbd-a2b3-6aadc4227853,GDP-22JUN30-T0.0,179,2022-07-28T02:45:09.947553Z,40,60,yes
848,503e102a-27cc-467a-824b-73c5f0272e94,GDP-22JUN30-T0.0,21,2022-07-28T02:45:09.947553Z,40,60,yes
849,427dd224-208c-45e1-824a-370b6c16dab4,GDP-22JUN30-T0.0,280,2022-07-28T02:45:09.947553Z,38,62,yes
850,3148003f-ff0a-4add-926c-f96a5c718357,GDP-22JUN30-T0.0,20,2022-07-28T02:45:09.947553Z,37,63,yes
851,535684a9-e29e-437f-9abc-ba6a474a9814,GDP-22JUN30-T0.0,75,2022-07-28T02:06:17.507712Z,35,65,no
852,0c523e44-8deb-407e-a916-9d709b3fe993,GDP-22JUN30-T0.0,200,2022-07-28T01:59:50.687818Z,35,65,no
853,81a68d14-71ad-44c3-97a5-deb5ead274b2,GDP-22JUN30-T0.0,2,2022-07-28T01:45:05.618972Z,35,65,no
854,f87aacd8-ee02-4c26-8059-de9e9bc60fea,GDP-22JUN30-T0.0,20,2022-07-28T01:41:31.762681Z,38,62,no
855,4d1fbd6a-e497-4594-9e25-4e9178e1782c,GDP-22JUN30-T0.0,280,2022-07-28T01:40:10.016376Z,40,60,yes
856,121e2cd6-9cd5-4cbd-a776-bf76e903551b,GDP-22JUN30-T0.0,20,2022-07-28T01:40:10.016376Z,39,61,yes
857,c25e82ea-84c1-4951-8f6f-ba733c33c384,GDP-22JUN30-T0.0,68,2022-07-28T01:14:18.591657Z,37,63,no
858,934c571d-dfc2-426c-81cd-f53aefe8eb29,GDP-22JUN30-T0.0,132,2022-07-28T01:14:18.591657Z,35,65,no
859,80060a37-1795-4392-823c-0e706879c5a3,GDP-22JUN30-T0.0,2,2022-07-28T00:38:34.14325Z,37,63,no
860,7cc3ca62-115f-4a2a-bb27-8cfa61663fd0,GDP-22JUN30-T0.0,30,2022-07-28T00:30:21.812567Z,37,63,no
861,705f900d-b4d8-4ff7-8c66-ff4e544ac60d,GDP-22JUN30-T0.0,381,2022-07-28T00:28:19.365129Z,39,61,yes
862,27dda310-1a70-4ef8-8bd7-e3d745420058,GDP-22JUN30-T0.0,100,2022-07-28T00:28:13.070317Z,37,63,no
863,56c3e188-c320-4164-b0dd-20cd0030dfdd,GDP-22JUN30-T0.0,66,2022-07-28T00:25:47.912652Z,38,62,yes
864,2431e572-50aa-4764-9a32-7f42b0f1e617,GDP-22JUN30-T0.0,406,2022-07-28T00:25:47.912652Z,38,62,yes
865,04b42179-7581-4588-b882-12e771164d4e,GDP-22JUN30-T0.0,1,2022-07-28T00:20:10.896746Z,38,62,yes
866,b52a0a51-2eb2-40a5-b536-3d6ccfa23a41,GDP-22JUN30-T0.0,93,2022-07-28T00:13:16.558601Z,38,62,yes
867,9c984e44-e220-42fc-be66-6f204511ee35,GDP-22JUN30-T0.0,5,2022-07-28T00:13:16.558601Z,38,62,yes
868,29ded2db-e600-4528-84e6-b7349e8cf6fa,GDP-22JUN30-T0.0,52,2022-07-28T00:13:16.558601Z,38,62,yes
869,f0f1a121-9c15-4ef4-b0ab-e348d4448573,GDP-22JUN30-T0.0,14,2022-07-27T23:39:53.893812Z,34,66,no
870,64a00d39-0123-4b8c-bb2f-90099c6a1e78,GDP-22JUN30-T0.0,36,2022-07-27T23:39:53.893812Z,33,67,no
871,30ec8ae5-a5c2-4366-953d-f4d753f711e6,GDP-22JUN30-T0.0,50,2022-07-27T23:29:44.419574Z,34,66,no
872,865bb91e-e61d-403f-b6c7-2b509760af6f,GDP-22JUN30-T0.0,268,2022-07-27T22:47:10.842624Z,34,66,no
873,424b665f-59ca-40ef-b27b-dd1d30bc8d66,GDP-22JUN30-T0.0,126,2022-07-27T22:47:10.842624Z,34,66,no
874,4d112f36-3db5-42f4-894a-0dca77f271c0,GDP-22JUN30-T0.0,139,2022-07-27T22:44:58.802044Z,35,65,no
875,e3507d0d-cd0a-4349-a3f1-c556c02b15aa,GDP-22JUN30-T0.0,110,2022-07-27T22:44:35.413158Z,34,66,no
876,d7e92ad6-1b49-45e3-9729-ec0a43345e7c,GDP-22JUN30-T0.0,35,2022-07-27T22:44:35.413158Z,35,65,no
877,5a450636-c584-43c2-8439-03655e23ac49,GDP-22JUN30-T0.0,250,2022-07-27T22:43:36.62169Z,35,65,no
878,f7f61066-c507-4587-8f62-6f7c740d9dbf,GDP-22JUN30-T0.0,390,2022-07-27T22:42:34.094329Z,35,65,no
879,56187362-e0ad-41c4-8fd2-864d36647aed,GDP-22JUN30-T0.0,347,2022-07-27T22:42:34.094329Z,36,64,no
880,f4ce0c3c-97da-4b8a-8c05-b7265b6ed693,GDP-22JUN30-T0.0,10,2022-07-27T22:36:35.077331Z,36,64,no
881,e29c00ba-c74d-440e-bd31-cf2d00957e61,GDP-22JUN30-T0.0,15,2022-07-27T22:26:26.807555Z,38,62,no
882,b759625d-1cc1-432f-a2b3-6ed566eb742c,GDP-22JUN30-T0.0,152,2022-07-27T22:26:26.807555Z,37,63,no
883,b02c4d53-5a30-474c-9b7a-ffb7455c93e7,GDP-22JUN30-T0.0,400,2022-07-27T22:26:26.807555Z,37,63,no
884,12908fb4-b4bf-49d1-86c6-0e827daaaf4e,GDP-22JUN30-T0.0,273,2022-07-27T22:26:26.807555Z,36,64,no
885,1ba9b0c4-1c0e-4455-a997-413b08a7a7e7,GDP-22JUN30-T0.0,18,2022-07-27T22:21:11.647668Z,40,60,yes
886,dd4c3cab-2111-4e7a-916f-a78e0fd3f6c4,GDP-22JUN30-T0.0,681,2022-07-27T22:09:57.686725Z,40,60,no
887,770d07b1-345f-46d3-9191-c3db7880651b,GDP-22JUN30-T0.0,325,2022-07-27T22:08:24.565699Z,40,60,no
888,214e8e5b-56c1-4257-afe1-1723b13a99b1,GDP-22JUN30-T0.0,18,2022-07-27T22:02:42.56233Z,40,60,no
889,94691b7d-a6ff-4519-ac7e-d37ad5533767,GDP-22JUN30-T0.0,78,2022-07-27T22:01:13.988292Z,40,60,no
890,3e767c2c-f984-4d32-a314-5e0e23ce1194,GDP-22JUN30-T0.0,20,2022-07-27T21:46:35.286801Z,41,59,yes
891,a5d09fd4-25a8-4de5-95a2-8c3ab0ec4c2c,GDP-22JUN30-T0.0,48,2022-07-27T21:16:19.537999Z,41,59,yes
892,34b29c9d-703b-49ff-b377-aee07c99eb69,GDP-22JUN30-T0.0,605,2022-07-27T21:08:01.504179Z,41,59,no
893,b61db596-1fe8-4749-86c7-842bb6b98c9b,GDP-22JUN30-T0.0,15,2022-07-27T21:00:38.550774Z,41,59,no
894,5b2d8071-1ca5-4339-ab32-d82f5a98088b,GDP-22JUN30-T0.0,230,2022-07-27T20:53:04.897973Z,41,59,no
895,ec5cc9f9-3ea3-41a1-b0a8-565e25803a17,GDP-22JUN30-T0.0,150,2022-07-27T20:40:14.478659Z,41,59,yes
896,1fb6e4d9-c0ed-4e97-b602-1be8225e1cb9,GDP-22JUN30-T0.0,48,2022-07-27T20:38:37.965155Z,40,60,no
897,df8bf448-b0ab-43de-87ac-fc22cb437ac1,GDP-22JUN30-T0.0,300,2022-07-27T20:25:02.252137Z,40,60,no
898,96ab6ef0-33b6-4ed6-8869-ec855a60d1da,GDP-22JUN30-T0.0,50,2022-07-27T20:07:50.698652Z,41,59,no
899,03b762fe-fb1b-4317-8312-e534a228519a,GDP-22JUN30-T0.0,50,2022-07-27T20:02:10.151519Z,42,58,yes
900,50e24641-3765-4f77-b9e2-b8547072cbd0,GDP-22JUN30-T0.0,50,2022-07-27T19:40:43.695998Z,40,60,no
901,e019951b-ac16-42c1-83c7-411af3e5c944,GDP-22JUN30-T0.0,121,2022-07-27T19:34:18.476116Z,43,57,yes
902,d3e78c6d-02ca-445e-a097-0c84fd9d95db,GDP-22JUN30-T0.0,369,2022-07-27T19:34:18.476116Z,42,58,yes
903,b0882d3d-dbe3-49d1-8eee-0bef53bc25d7,GDP-22JUN30-T0.0,10,2022-07-27T19:34:18.476116Z,41,59,yes
904,bb8926a4-6939-4cce-a4c4-f0a63d63ea91,GDP-22JUN30-T0.0,20,2022-07-27T19:30:44.43738Z,41,59,yes
905,c78798c8-56e9-489e-96cf-079814b796d6,GDP-22JUN30-T0.0,147,2022-07-27T19:18:02.220711Z,42,58,yes
906,4217c05f-eb44-4eac-acf8-acf932fa23c5,GDP-22JUN30-T0.0,53,2022-07-27T19:18:02.220711Z,41,59,yes
907,361fb5ec-f30f-4a9e-b1fd-8f0f58adb882,GDP-22JUN30-T0.0,30,2022-07-27T19:18:02.220711Z,41,59,yes
908,e34f99b1-4745-40b3-a1ec-2156e0c13111,GDP-22JUN30-T0.0,27,2022-07-27T18:34:56.433375Z,40,60,no
909,580fc2ae-9094-4dec-ad65-2edd069df8dd,GDP-22JUN30-T0.0,396,2022-07-27T18:34:56.433375Z,40,60,no
910,26ae248f-2e23-4fb5-af27-593ec0c13058,GDP-22JUN30-T0.0,100,2022-07-27T18:34:56.433375Z,39,61,no
911,9750a2d6-6cdc-4fe1-a625-efc6173b63fa,GDP-22JUN30-T0.0,200,2022-07-27T18:34:06.996233Z,41,59,yes
912,533338b2-46f1-4c5d-b873-08eba5d34565,GDP-22JUN30-T0.0,50,2022-07-27T18:31:27.322706Z,40,60,no
913,0d7ab782-bda0-40c0-af7a-54c77d9f025a,GDP-22JUN30-T0.0,35,2022-07-27T18:23:11.31509Z,41,59,yes
914,f60ac530-4eb0-4231-8a54-e00dfb194f86,GDP-22JUN30-T0.0,10,2022-07-27T17:48:04.894326Z,40,60,no
915,639d9527-9b3b-4c88-a7bd-1eaae5eeca74,GDP-22JUN30-T0.0,100,2022-07-27T17:40:31.944457Z,45,55,yes
916,d99d61d1-3243-46b5-944f-7a5e96da2dc7,GDP-22JUN30-T0.0,19,2022-07-27T17:38:16.706196Z,45,55,yes
917,8e59ec81-41a9-4dd6-b2cc-e83692a7e9f6,GDP-22JUN30-T0.0,100,2022-07-27T17:20:03.783499Z,45,55,yes
918,f78cd7b5-cf03-4f5d-a68e-a15c3493ba1a,GDP-22JUN30-T0.0,115,2022-07-27T17:19:06.461201Z,43,57,no
919,e96ed887-9865-42ae-9695-98b53e30d20e,GDP-22JUN30-T0.0,44,2022-07-27T17:19:06.461201Z,40,60,no
920,55218281-9ba9-4fa0-ad44-ec27ba306fe8,GDP-22JUN30-T0.0,67,2022-07-27T17:19:06.461201Z,42,58,no
921,c5d78e79-0f1e-4d5b-9500-db134eee0fa0,GDP-22JUN30-T0.0,273,2022-07-27T17:17:22.366276Z,45,55,yes
922,03a8b343-4859-4027-81b5-ff63a35b00e2,GDP-22JUN30-T0.0,727,2022-07-27T17:17:22.366276Z,44,56,yes
923,4502ce41-8160-41ff-87b1-b39a83aa67d4,GDP-22JUN30-T0.0,69,2022-07-27T17:07:33.20508Z,44,56,yes
924,78c0b77c-070b-4c8c-98a5-6f38ea194079,GDP-22JUN30-T0.0,204,2022-07-27T16:54:10.839291Z,44,56,no
925,f8e26679-ae36-4ba3-8e05-d4cb97308209,GDP-22JUN30-T0.0,15,2022-07-27T16:48:50.998757Z,44,56,no
926,223c49be-8b7d-477d-b6ba-4d9c6e3b37f8,GDP-22JUN30-T0.0,17,2022-07-27T16:47:50.773191Z,45,55,yes
927,b255feef-c781-4169-9e20-034883096adc,GDP-22JUN30-T0.0,140,2022-07-27T16:40:47.17551Z,46,54,yes
928,bb6e0eb2-e7b9-4dcf-919e-c1279d7ab7ce,GDP-22JUN30-T0.0,20,2022-07-27T16:36:51.810657Z,46,54,yes
929,de49c07a-0442-4697-a661-03b4faa7437e,GDP-22JUN30-T0.0,10,2022-07-27T16:36:34.462511Z,43,57,no
930,f49fe9b8-ac7e-47c1-8e48-315566434a41,GDP-22JUN30-T0.0,25,2022-07-27T16:35:05.041257Z,43,57,no
931,6e964986-4acc-4895-ab2e-d002ee9d4914,GDP-22JUN30-T0.0,50,2022-07-27T16:33:17.531697Z,43,57,no
932,c475515a-244c-4bb0-a2fa-5fbb97577bca,GDP-22JUN30-T0.0,100,2022-07-27T16:25:49.0504Z,42,58,no
933,d92fdbf7-2c81-431d-8879-deea062a2d8f,GDP-22JUN30-T0.0,83,2022-07-27T16:25:47.613921Z,42,58,no
934,ecf731f5-709c-46dd-815a-2e24a0060ed5,GDP-22JUN30-T0.0,712,2022-07-27T16:14:42.09986Z,46,54,yes
935,672337aa-cb5f-4e70-a31b-103f6da05044,GDP-22JUN30-T0.0,218,2022-07-27T16:14:42.09986Z,46,54,yes
936,648a368f-199a-4d30-b2f8-9a58757aa71b,GDP-22JUN30-T0.0,32,2022-07-27T16:13:52.808498Z,46,54,yes
937,b5926774-533a-4e98-863d-4286bf352194,GDP-22JUN30-T0.0,112,2022-07-27T16:05:35.788553Z,45,55,yes
938,8860ca1a-08d1-4b60-b5ac-40cbd0829aef,GDP-22JUN30-T0.0,24,2022-07-27T16:05:35.788553Z,45,55,yes
939,5bb3f24a-b9c5-497d-a16d-07a7187cb6b7,GDP-22JUN30-T0.0,106,2022-07-27T16:05:35.788553Z,46,54,yes
940,398abc81-7cb0-4114-83a6-4f7b9f72e211,GDP-22JUN30-T0.0,114,2022-07-27T16:05:35.788553Z,45,55,yes
941,2f875566-f875-43c2-af93-b38fc5bb9f26,GDP-22JUN30-T0.0,44,2022-07-27T16:05:35.788553Z,45,55,yes
942,0b89fa75-eee4-4934-a292-6414601321d8,GDP-22JUN30-T0.0,100,2022-07-27T16:04:47.432684Z,45,55,yes
943,1bf14bbc-2e31-43fe-adff-e1e9eddfef01,GDP-22JUN30-T0.0,70,2022-07-27T16:02:56.641279Z,45,55,yes
944,108bf66d-bad7-4b11-89ae-254a6a2c15ad,GDP-22JUN30-T0.0,150,2022-07-27T16:01:06.641687Z,43,57,yes
945,cf63745e-9405-4c30-8d54-f73591b60725,GDP-22JUN30-T0.0,34,2022-07-27T15:59:48.49638Z,40,60,no
946,0bd14f4a-3ee1-4461-9ef4-8441cf3fe9d5,GDP-22JUN30-T0.0,16,2022-07-27T15:59:48.49638Z,41,59,no
947,73a6676f-dccb-4eb5-a7ca-06d014c6faea,GDP-22JUN30-T0.0,50,2022-07-27T15:59:05.804867Z,43,57,no
948,f2d60b62-fa1e-43f4-bfe9-d6dc7cd7bf51,GDP-22JUN30-T0.0,213,2022-07-27T15:58:06.081709Z,45,55,yes
949,5e1b82da-e067-47b6-81f5-4d95bbd5e8a4,GDP-22JUN30-T0.0,21,2022-07-27T15:57:31.606063Z,41,59,no
950,f1a4ea20-c836-4cd4-8c8b-2bacaf61d9fc,GDP-22JUN30-T0.0,1,2022-07-27T15:55:15.711033Z,41,59,no
951,b5504d79-20fb-4e4c-93f5-c27bc012f8e9,GDP-22JUN30-T0.0,11,2022-07-27T15:55:15.711033Z,41,59,no
952,83d45052-e238-4005-adde-2b1bee25b816,GDP-22JUN30-T0.0,230,2022-07-27T15:55:15.711033Z,44,56,no
953,819437ec-63a1-482b-a758-19eba4fd3406,GDP-22JUN30-T0.0,100,2022-07-27T15:55:15.711033Z,42,58,no
954,bde0d353-de41-4cdc-b7d5-684c0de9addc,GDP-22JUN30-T0.0,20,2022-07-27T15:52:34.209669Z,44,56,no
955,bea8d3e5-efdf-494e-b9ef-9bd96a71eede,GDP-22JUN30-T0.0,5,2022-07-27T15:51:51.518767Z,41,59,no
956,e7ea2177-3b19-4589-8bbe-3f6352eebf4f,GDP-22JUN30-T0.0,5,2022-07-27T15:51:11.658939Z,45,55,yes
957,09f9b3b8-26f7-4291-9504-de88513a81d2,GDP-22JUN30-T0.0,417,2022-07-27T15:51:08.656134Z,43,57,no
958,0a47fc5b-8931-4b12-990b-5ac42305e321,GDP-22JUN30-T0.0,5,2022-07-27T15:48:45.725583Z,43,57,no
959,7cbc678e-b07d-4bfc-8a7c-99a836dfb24f,GDP-22JUN30-T0.0,60,2022-07-27T15:47:29.671284Z,43,57,no
960,dbac3e29-3362-4d34-8480-ea6e70211706,GDP-22JUN30-T0.0,1,2022-07-27T15:46:20.197097Z,43,57,no
961,e215fd28-e366-41f9-abc5-b7a7bc9aa8f7,GDP-22JUN30-T0.0,67,2022-07-27T15:43:48.744375Z,45,55,yes
962,1edd323d-a835-470e-807d-b66665e671da,GDP-22JUN30-T0.0,33,2022-07-27T15:43:48.744375Z,45,55,yes
963,d66941e9-7fae-4291-a945-c70a3d15ad08,GDP-22JUN30-T0.0,30,2022-07-27T15:41:20.66008Z,44,56,yes
964,c87e10a6-242e-4fd7-8ea1-c026f792812e,GDP-22JUN30-T0.0,150,2022-07-27T15:40:49.577375Z,44,56,yes
965,88309614-d8a4-4ad1-920a-5cc7bb76b461,GDP-22JUN30-T0.0,17,2022-07-27T15:39:43.002984Z,43,57,no
966,a4c987e2-26fc-4457-94b6-364c35f6c845,GDP-22JUN30-T0.0,25,2022-07-27T15:38:55.138275Z,40,60,no
967,0d418fe9-f6f7-48a7-a4a8-f16c1271cd22,GDP-22JUN30-T0.0,13,2022-07-27T15:38:55.138275Z,39,61,no
968,052d32f6-eee3-4e50-aff0-77059799de5c,GDP-22JUN30-T0.0,112,2022-07-27T15:38:55.138275Z,40,60,no
969,969248c7-b6a5-418a-9ff8-e9eb5e9d724f,GDP-22JUN30-T0.0,109,2022-07-27T15:36:16.348857Z,44,56,yes
970,7127285a-4c82-4cab-8258-7538131bd7e1,GDP-22JUN30-T0.0,505,2022-07-27T15:33:27.37249Z,45,55,no
971,9c69e010-7d53-4b87-8287-2b3168b43102,GDP-22JUN30-T0.0,17,2022-07-27T15:30:47.582669Z,45,55,no
972,db40cd9e-62f3-4b57-b17f-9260e2dd2291,GDP-22JUN30-T0.0,29,2022-07-27T15:30:44.156594Z,50,50,no
973,2d23f59d-f98c-440c-8d83-fd93ebb130c5,GDP-22JUN30-T0.0,127,2022-07-27T15:30:44.156594Z,45,55,no
974,9e845181-c9a0-47ba-a7e6-3cf3e5eaa1c2,GDP-22JUN30-T0.0,171,2022-07-27T15:30:44.125926Z,50,50,no
975,e6923bd7-6f71-45a8-95b7-52ab699430b9,GDP-22JUN30-T0.0,200,2022-07-27T15:30:11.937677Z,50,50,yes
976,e59bba4e-9fdc-45f4-a7bd-fa4d286a735e,GDP-22JUN30-T0.0,100,2022-07-27T15:30:11.937677Z,50,50,yes
977,feae2990-2a24-4acc-be40-651175ec0c89,GDP-22JUN30-T0.0,38,2022-07-27T15:30:02.668715Z,43,57,yes
978,eaa07709-9ca2-4bb2-b866-e1b24e7a2ac4,GDP-22JUN30-T0.0,157,2022-07-27T15:30:02.668715Z,45,55,yes
979,e5a818a6-a028-4961-ae81-946410386285,GDP-22JUN30-T0.0,45,2022-07-27T15:30:02.668715Z,43,57,yes
980,cfd50857-9497-4028-9b30-c9bfb53c850d,GDP-22JUN30-T0.0,115,2022-07-27T15:30:02.668715Z,44,56,yes
981,59fa9f08-e924-4cab-8938-f19c7797e915,GDP-22JUN30-T0.0,333,2022-07-27T15:30:02.668715Z,43,57,yes
982,567a5ab0-dd10-4b8b-8789-49e279944de8,GDP-22JUN30-T0.0,100,2022-07-27T15:30:02.668715Z,42,58,yes
983,15975de7-1227-4348-bfbf-08dd9c60f5d8,GDP-22JUN30-T0.0,63,2022-07-27T15:30:02.668715Z,44,56,yes
984,39fed299-13d5-444b-9749-9a5b27ef00f9,GDP-22JUN30-T0.0,200,2022-07-27T15:24:41.717887Z,41,59,yes
985,3338abcb-4850-4204-8520-b282c4b6f50f,GDP-22JUN30-T0.0,175,2022-07-27T15:24:26.407758Z,40,60,yes
986,05c391b0-02b2-46a7-8015-0a9750e33382,GDP-22JUN30-T0.0,42,2022-07-27T15:24:26.407758Z,40,60,yes
987,5cf57fd1-e208-4def-96bb-752d1b9bdcee,GDP-22JUN30-T0.0,10,2022-07-27T15:21:18.960215Z,39,61,no
988,fce4c76e-67c4-4533-ad78-562117924f3e,GDP-22JUN30-T0.0,26,2022-07-27T15:14:28.130798Z,38,62,no
989,f624b63c-631e-40e3-bf0b-2593d1b25f7a,GDP-22JUN30-T0.0,12,2022-07-27T15:14:28.130798Z,38,62,no
990,c3d67935-6204-4479-a22e-fb8ed16c65f2,GDP-22JUN30-T0.0,1,2022-07-27T15:11:52.839212Z,38,62,no
991,d554adba-2d95-484f-b34a-11d8170c9ca2,GDP-22JUN30-T0.0,886,2022-07-27T15:10:51.22147Z,39,61,yes
992,93ab2981-0b88-4428-8312-7494899c8bc9,GDP-22JUN30-T0.0,15,2022-07-27T15:09:21.343768Z,38,62,no
993,ea953ec4-f00c-46c9-9ece-522e02ecc630,GDP-22JUN30-T0.0,5,2022-07-27T15:08:02.284858Z,39,61,yes
994,510dcae2-1c8a-4811-83d0-bf998e1b112a,GDP-22JUN30-T0.0,40,2022-07-27T15:07:37.056806Z,39,61,yes
995,778732d6-1e28-4f77-8405-611e0d5fb855,GDP-22JUN30-T0.0,38,2022-07-27T15:06:12.3403Z,39,61,yes
996,cc46d754-6fee-4f81-a950-274423e4f420,GDP-22JUN30-T0.0,30,2022-07-27T14:59:30.115161Z,39,61,yes
997,376e5bb4-2d5b-4d12-baec-04abe05fa058,GDP-22JUN30-T0.0,38,2022-07-27T14:56:24.772522Z,38,62,no
998,7bbb7236-5240-4fc6-b476-4affb9c8ec5b,GDP-22JUN30-T0.0,35,2022-07-27T14:37:24.900625Z,38,62,no
999,5f67aed8-9352-4a4b-b87a-87f14505521b,GDP-22JUN30-T0.0,5,2022-07-27T14:30:56.967971Z,38,62,no
1000,1980f46e-d007-475d-8fa5-1ab8ba064a82,GDP-22JUN30-T0.0,240,2022-07-27T14:24:41.918848Z,39,61,yes
1001,e7c9ccc9-c5ce-4de5-9b01-13a6bd81b9e0,GDP-22JUN30-T0.0,5,2022-07-27T14:23:51.711407Z,39,61,yes
1002,5c6e9ddf-0002-41ba-8c37-741896721986,GDP-22JUN30-T0.0,10,2022-07-27T14:20:55.871276Z,38,62,no
1003,d09d7feb-2277-45ec-965a-fe4de21d4ee0,GDP-22JUN30-T0.0,100,2022-07-27T14:14:47.230219Z,31,69,no
1004,bb711e09-3650-44f2-b0f5-fa95cb8916d9,GDP-22JUN30-T0.0,20,2022-07-27T14:07:49.38158Z,31,69,yes
1005,24672b6e-8f6a-4d65-8dce-c6e024c2c5bb,GDP-22JUN30-T0.0,140,2022-07-27T14:00:51.817759Z,31,69,yes
1006,164dbf24-e30e-4a7d-b0cb-0f1c2c606fcf,GDP-22JUN30-T0.0,160,2022-07-27T14:00:51.817759Z,32,68,yes
1007,26215ac8-eab8-4891-89a8-d3de48dc7e73,GDP-22JUN30-T0.0,10,2022-07-27T13:52:25.689567Z,30,70,yes
1008,e6217970-ce68-4736-b544-a903d4104c71,GDP-22JUN30-T0.0,27,2022-07-27T13:44:17.612564Z,30,70,yes
1009,c415a332-78b2-4148-a6f3-6947265bfda4,GDP-22JUN30-T0.0,12,2022-07-27T13:44:09.87371Z,30,70,yes
1010,2ff652b8-12c8-457d-876c-c5b082995019,GDP-22JUN30-T0.0,3,2022-07-27T13:44:09.87371Z,30,70,yes
1011,85ae3dc5-0dd6-45e1-9366-0c6b0da81f83,GDP-22JUN30-T0.0,200,2022-07-27T13:27:46.853849Z,27,73,no
1012,fa3d1336-541d-42ea-bb11-872e2b47ac54,GDP-22JUN30-T0.0,17,2022-07-27T12:54:51.075351Z,28,72,yes
1013,c6eb9049-619b-4600-8316-fe5ca837c379,GDP-22JUN30-T0.0,257,2022-07-27T12:54:51.075351Z,28,72,yes
1014,bc7ec053-5d85-4f36-8c81-613ce0fbfc46,GDP-22JUN30-T0.0,26,2022-07-27T12:54:51.075351Z,29,71,yes
1015,5b9e1f2f-4278-4b51-aa60-9cbf919fb931,GDP-22JUN30-T0.0,10,2022-07-27T12:34:07.508444Z,28,72,yes
